% HOW TO USE WITH THIS CV FORMAT
% -----------------------------
% 1. Mark items with a "keyword" that specifies the type of item they will be grouped by within the CV
% 2. Call \printbibliography in main.tex with the class ('article', 'misc', etc.) and keyword to "select" only the items you want for that group of items


% Journals
% #########################################################
@article{lei2022mitochondrial,
    title     = {Mitochondrial base editor induces substantial nuclear off-target mutations},
    author    = {{Lei, Z.$^{\dagger}$} and {Meng, H.$^{\dagger}$} and {Liu, L.$^{\dagger}$} and {\textbf{Zhao, H.$^{\dagger}$}} and Rao, Xichen and Yan, Yongchang and Wu, Hao and Liu, Min and He, Aibin and Yi, Chengqi},
    journal   = {\textbf{Nature}},
    volume    = {606},
    number    = {7915},
    pages     = {804--811},
    year      = {2022},
    publisher = {Nature Publishing Group UK London},
    keywords  = {A},
    addendum  = {\\
    \textbullet \hspace{0.2em} Highlighted by \href{https://www.nature.com/articles/s41592-022-01532-0}{\textit{Nature Methods}}.\\
    \textbullet \hspace{0.2em} Major bioinformatics contributions and idea contributions to this Nature paper.\\
    \textbullet \hspace{0.2em} One of the project initiators.
    }
}

@article{lei2021detect,
    title     = {Detect-seq reveals out-of-protospacer editing and target-strand editing by cytosine base editors},
    author    = {{Lei, Z.$^{\dagger}$} and {Meng, H.$^{\dagger}$} and {Lv, Z.$^{\dagger}$} and Liu, Menghao and {\textbf{Zhao, H.}} and Wu, Hao and Zhang, Xiaoxue and Liu, Lulu and Zhuang, Yuan and Yin, Kailin and Yan, Yongchang and Yi, Chengqi},
    journal   = {\textbf{Nature Methods}},
    volume    = {18},
    number    = {6},
    pages     = {643--651},
    year      = {2021},
    publisher = {Nature Publishing Group US New York},
    keywords  = {A},
    addendum = {\\
    \textbullet \hspace{0.2em} Cover article of \href{https://www.nature.com/nmeth/volumes/18/issues/6}{\textit{Nature Methods}}.\\
    \textbullet \hspace{0.2em} Made substantial and significant contributions to bioinformatics analysis work.
    }
}

@article{rao2023characterizing,
    title     = {Characterizing off-target effects of genome editors},
    author    = {{Rao, X.$^{\dagger}$} and {\textbf{Zhao, H.$^{\dagger}$}} and Shao, Chuyun and Yi, Chengqi},
    journal   = {\textbf{Current Opinion in Biomedical Engineering}},
    volume    = {28},
    pages     = {100480},
    year      = {2023},
    publisher = {Elsevier},
    keywords  = {R},
    addendum  = {\\
    \textbullet \hspace{0.2em} Provided the main text for this review article and created all illustrations.
    }
}


@article{lei2023detect,
  title={Detect-seq, a chemical labeling and biotin pull-down approach for the unbiased and genome-wide off-target evaluation of programmable cytosine base editors},
  author={{Lei, Z.$^{\dagger}$} and {Meng, H.$^{\dagger}$} and Rao, Xichen and Zhao, Huanan and Yi, Chengqi},
  journal={\textbf{Nature Protocols}},
  volume={18},
  number={7},
  pages={2221--2255},
  year={2023},
  publisher={Nature Publishing Group UK London},
  keywords  = {P}
}

@article{qu2019molecular,
    title     = {Molecular epidemiology and distribution of antimicrobial resistance genes of Staphylococcus species isolated from Chinese dairy cows with clinical mastitis},
    author    = {{Qu, Y.$^{\dagger}$} and {\textbf{Zhao, H.$^{\dagger}$}} and Nobrega, Diego B and Cobo, Eduardo R and Han, Bo and Zhao, Zhonghua and Li, Shumei and Li, Mengyue and Barkema, Herman W and Gao, Jian},
    journal   = {\textbf{Journal of Dairy Science}},
    volume    = {102},
    number    = {2},
    pages     = {1571--1583},
    year      = {2019},
    publisher = {Elsevier},
    keywords  = {A},
    addendum  = {\\
    \textbullet \hspace{0.2em} Major wet expertment contributions, analysis contributions and idea contributions.
    }
}

@article{zhu2021integrative,
    title     = {Integrative analysis of long extracellular RNAs reveals a detection panel of noncoding RNAs for liver cancer},
    author    = {{Zhu, Y.$^{\dagger}$} and {Wang, S.$^{\dagger}$} and {Xi, X.$^{\dagger}$} and {Zhang, M.$^{\dagger}$} and Liu, Xiaofan and Tang, Weina and Cai, Peng and Xing, Shaozhen and Bao, Pengfei and Jin, Yunfan and Zhao, Weihao and Chen, Yinghui and {\textbf{Zhao, H.}} and Jia, Xiaodong and Lu, Shanshan and Lu, Yinying and Chen, Lei and Yin, Jianhua and Lu, Zhi John},
    journal   = {\textbf{Theranostics}},
    volume    = {11},
    number    = {1},
    pages     = {181},
    year      = {2021},
    publisher = {Ivyspring International Publisher},
    keywords  = {A}
}

% Talks
% #########################################################

@misc{Talk1,
    title   = {Awe inspiring presentation.},
    author  = {\textbf{Smith, John} and Buddy, Best},
    howpublished={\ul{10th International Conference on Cool Science} (Philadelphia, PA, USA)},
    month    = jul,
    year    = {2024},
    keywords={T}
}

@misc{Talk2,
    title={Anotha' one!.},
    author={\textbf{Khaled, DJ}},
    howpublished={\ul{Fourth Multidisciplinary International Symposium on Blasting Bangers} (Virtual)},
    note = {\href{https://example.com}{Links like this}},
    addendum = {\\ -- Extra Formatting also works \\ -- \textbf{Here}.},
    month=oct,
    year={2022},
    keywords={T}
}


% Posters
% #########################################################
@misc{Poster1,
    title   = {{Poster Name here.}},
    author  = {\textbf{Smith, John} and Author1, Co and Author2, Co},
    howpublished={\ul{Another Cool Conference} (Cambridge, MA, USA)},
    month    = jul,
    year    = {2024},
    keywords={P}
}
@misc{Poster2,
    title   = {{Poster Name here.}},
    author  = {\textbf{Smith, John} and Author1, Co and Author2, Co},
    howpublished={\ul{Another Cool Conference} (Cambridge, MA, USA)},
    month    = apr,
    year    = {2023},
    keywords={P}
}




% Demonstrations and Tutorials
% #########################################################

@misc{demo1,
    author = {\textbf{Smith, John}},
    title = {Exciting demonstration.},
    howpublished = {\ul{Another Cool Conference} Workshop on Technical Things (Cambridge, MA, USA)},
    month = apr,
    year = {2022},
    keywords ={D}
}
@misc{demo2,
    author = {\textbf{Smith, John}},
    title = {CoVaxxy: Linking COVID-19 vaccine adoption and online (mis)information.},
    note = {Include links this way for the \href{https://example.com}{Cool Organization}},
    month = jun,
    year = {2021},
    keywords ={D}
}