@article{zhangkun1994,
  author     = {张昆 and 冯立群 and 余昌钰 and others},
  title      = {机器人柔性手腕的球面齿轮设计研究},
  journal    = {清华大学学报: 自然科学版},
  volume     = {34},
  number     = {2},
  pages      = {1--7},
  year       = {1994},
  key        = {zhang1 kun1},
}

@book{zhukezhen1973,
  author     = {竺可桢},
  title      = {物理学论},
  address    = {北京},
  publisher  = {科学出版社},
  year       = {1973},
  pages      = {56--60},
  key        = {zhu2 ke3 zhen1},
}

@inproceedings{dupont1974bone,
  author     = {Dupont, B},
  title      = {Bone marrow transplantation in severe combined immunodeficiency with an unrelated MLC compatible donor},
  editor     = {White, H J and Smith, R},
  booktitle  = {Proceedings of the third annual meeting of the International Society for Experimental Hematology},
  address    = {Houston},
  publisher  = {International Society for Experimental Hematology},
  year       = {1974},
  pages      = {44--46},
}

@mastersthesis{zhengkaiqing1987,
  author     = {郑开青},
  title      = {通讯系统模拟及软件},
  address    = {北京},
  school     = {清华大学无线电系},
  year       = {1987},
  key        = {zheng4 kai1 qing1},
}

@patent{jiangxizhou1980,
  author     = {姜锡洲},
  title      = {一种温热外敷药制备方案},
  address    = {中国},
  number     = {88105607.3},
  year       = {1980},
  date       = {1980-07-26},
  key        = {jiang1 xi1 zhou1},
}

@standard{jianduju1994,
  author     = {中华人民共和国国家技术监督局},
  title      = {GB3100-3102. 中华人民共和国国家标准-量与单位},
  address    = {北京},
  publisher  = {中国标准出版社},
  year       = {1994},
  key        = {zhong1 hua2 ren2 min2 gong4 he2 guo2},
}

@article{merkt1995rotational,
  author     = {Merkt, Fr{\'e}d{\'e}ric and Mackenzie, S R and Softley, Timothy P},
  title      = {Rotational Autoionization Dynamics in High Rydberg States of Nitrogen},
  journal    = {J Chem Phys},
  year       = {1995},
  volume     = {103},
  pages      = {4509--4518},
}

@article{mellinger1996laser,
  author     = {Mellinger, A and Vidal, C R and Jungen, {Ch}},
  title      = {Laser reduced fluorescence study of the carbon monoxide nd triplet Rydberg series - Experimental results and multichannel quantum defect analysis},
  journal    = {J Chem Phys},
  year       = {1996},
  volume     = {104},
  pages      = {8913--8921},
}

@article{bixon1996dynamics,
  author     = {Bixon, M and Jortner, Joshua},
  title      = {The dynamics of predissociating high {Rydberg} states of {NO}},
  journal    = {J Chem Phys},
  year       = {1996},
  volume     = {105},
  pages      = {1363--1382},
}

@article{mahui1995,
  author     = {马辉 and 李俭 and 刘耀明 and others},
  title      = {利用 {REMPI} 方法测量 {BaF} 高里德堡系列光谱},
  journal    = {化学物理学报},
  year       = {1995},
  volume     = {8},
  pages      = {308--311},
  key        = {ma3 hui1},
}

@article{carlson1981two,
  author     = {Carlson, N W and Taylor, A J and Jones, K M and Schawlow, A L},
  title      = {Two-step polarization-labeling spectroscopy of excited states of {Na2}},
  journal    = {Phys Rev A},
  year       = {1981},
  volume     = {24},
  pages      = {822--834},
}

@article{taylor1983scanning,
  author     = {Taylor, A J and Jones, K M and Schawlow, A L},
  title      = {Scanning pulsed-polarization spectrometer applied to {Na2}},
  journal    = {J Opt Soc Am},
  year       = {1983},
  volume     = {73},
  pages      = {994--998},
}

@article{taylor1981study,
  author     = {Taylor, A J and Jones, K M and Schawlow, A L},
  title      = {A study of the excited {1$\Sigma$g+} states in {Na2}},
  journal    = {Opt Commun},
  year       = {1981},
  volume     = {39},
  pages      = {47--50},
}

@article{shimizu1983laser,
  author     = {Shimizu, Kazuko and Shimizu, Fujio},
  title      = {Laser induced fluorescence spectra of the a {3$\Pi$u--X 1$\Sigma$g+} band of {Na2} by molecular beam},
  journal    = {J Chem Phys},
  year       = {1983},
  volume     = {78},
  pages      = {1126--1131},
}

@article{atkinson1982experimental,
  author     = {Atkinson, J B and Becker, J and Demtr{\"o}der, W},
  title      = {Experimental observation of the a {3$\Pi$u} state of {Na2}},
  journal    = {Chem Phys Lett},
  year       = {1982},
  volume     = {87},
  pages      = {92--97},
}

@article{kusch1975perturbations,
  author     = {Kusch, P and Hessel, M M},
  title      = {Perturbations in the A {1$\Sigma$u+} state of {Na2}},
  journal    = {J Chem Phys},
  year       = {1975},
  volume     = {63},
  pages      = {4087--4088},
}

@book{guangxi1993,
  author     = {广西壮族自治区林业厅},
  title      = {广西自然保护区},
  address    = {北京},
  publisher  = {中国林业出版社},
  year       = {1993},
  key        = {guang3 xi1 zhuang4 zu2 zi4 zhi4 qu1},
}

@book{huosini1989guwu,
  author     = {霍斯尼},
  title      = {谷物科学与工艺学原理},
  translator = {李庆龙},
  edition    = {2},
  address    = {北京},
  publisher  = {中国食品出版社},
  year       = {1989},
  pages      = {15--20},
  key        = {huo4 si1 ni2},
}

@book{wangfuzhi1865songlun,
  author     = {王夫之},
  title      = {宋论},
  edition    = {刻本},
  address    = {金陵},
  publisher  = {曾氏},
  year       = {1865（清同治四年）},
  key        = {wang2 fu1 zhi1},
}

@book{zhaoyaodong1998xinshidai,
  author     = {赵耀东},
  title      = {新时代的工业工程师},
  address    = {台北},
  publisher  = {天下文化出版社},
  year       = {1998},
  urldate    = {1998-09-26},
  url        = {http://www.ie.nthu.edu.tw/info/ie.newie.htm},
  key        = {zhao4 yao4 dong1},
}

@standard{biaozhunhua2002tushu,
  author     = {全国信息与文献工作标准化技术委员会出版物格式分委员会},
  title      = {GB/T 12450-2001 图书书名页},
  address    = {北京},
  publisher  = {中国标准出版社},
  year       = {2002},
  pages      = {1},
  key        = {quan2 guo2 xin4 xi1},
}

@book{chubanzhuanye2004,
  author     = {全国出版专业职业资格考试办公室},
  title      = {全国出版专业职业资格考试辅导教材: 出版专业理论与实务•中级},
  edition    = {2014},
  address    = {上海},
  publisher  = {上海辞书出版社},
  year       = {2004},
  pages      = {299--307},
  key        = {quan2 guo2 chu1 ban3 ye4},
}

@Book{world1970factors,
  author      = {World Health Organization and others},
  publisher   = {World Health Organization},
  title       = {Factors regulating the immune response: report of a WHO scientific group [meeting held in Geneva from 1 to 6 September 1969]},
  year        = {1970},
  institution = {World Health Organization},
}

@book{peebles2001probability,
  author     = {Peebles, Jr, Peyton Z.},
  title      = {Probability, Random Variables, and Random Signal Principles},
  edition    = {4},
  address    = {New York},
  publisher  = {McGraw Hill},
  year       = {2001},
}

@incollection{baishunong1998zhiwu,
  author     = {白书农},
  title      = {植物开花研究},
  editor     = {李承森},
  booktitle  = {植物科学进展},
  address    = {北京},
  publisher  = {高等教育出版社},
  year       = {1998},
  pages      = {146--163},
  key        = {bai2 shu1 nong2},
}

@incollection{weinstein1974pathogenic,
  author     = {Weinstein, L and Swertz, M N},
  title      = {Pathogenic Properties of Invading Microorganism},
  editor     = {Sodeman, Jr, William A and Sodeman, William A},
  booktitle  = {Pathologic physiology: mechanisms of disease},
  address    = {Philadelphia},
  publisher  = {Saunders},
  year       = {1974},
  pages      = {745--772},
}

@inproceedings{hanjiren1985lun,
  author     = {韩吉人},
  title      = {论职工教育的特点},
  editor     = {中国职工教育研究会},
  booktitle  = {职工教育研究论文集},
  address    = {北京},
  publisher  = {人民教育出版社},
  year       = {1985},
  pages      = {90--99},
  key        = {han2 ji2 ren2},
}

@periodical{dizhi1936dizhi,
  author     = {中国地质学会},
  title      = {地质评论},
  year       = {1936},
  volume     = {1},
  number     = {1},
  address    = {北京},
  publisher  = {地质出版社},
  key        = {zhong1 guo2 di4 zhi3 xue2 hui4},
}

@periodical{tushuguan1957tushuguanxue,
  author     = {中国图书馆学会},
  title      = {图书馆学通讯},
  year       = {1957/1990},
  number     = {1--4},
  address    = {北京},
  publisher  = {北京图书馆},
  key        = {zhong1 guo2 tu2 shu1 guan3 xue2 hui4},
}

@periodical{aaas1883science,
  author     = {{American Association for the Advancement of Science}},
  title      = {Science},
  year       = {1883},
  volume     = {1},
  number     = {1},
  address    = {Washington, D.C.},
  publisher  = {American Association for the Advancement of Science},
}

@newspaper{fugang2000fengsha,
  author     = {傅刚 and 赵承 and 李佳路},
  title      = {大风沙过后的思考},
  journal    = {北京青年报},
  year       = {2000},
  date       = {2000-04-12},
  number     = {14},
  urldate    = {2002-03-06},
  url        = {http://www.bjyouth.com.cn/Bqb/20000412/B/4216%5ED0412B1401.htm},
  key        = {fu4 gang1},
}

@online{xiaoyu2001chubanye,
  author     = {萧钰},
  title      = {出版业信息化迈入快车道},
  year       = {2001},
  date       = {2001-12-19},
  urldate    = {2002-04-15},
  url        = {http://www.creader.com/news/20011219/200112190019.htm},
  key        = {xiao1 yu4},
}

@online{oclc2000about,
  author     = {{Online Computer Library Center, Inc}},
  title      = {About {OCLC}: History of Cooperation},
  year       = {2000},
  urldate    = {2000-01-08},
  url        = {http://www.oclc.org/about/cooperation.en.htm},
}

@book{2017_wangliming,
    author    = {王立铭},
    publisher = {浙江人民出版社},
    title     = {上帝的手术刀:基因编辑简史},
    year      = {2017}
}

@Article{gerstein2007gene,
  author    = {Gerstein, Mark B and Bruce, Can and Rozowsky, Joel S and Zheng, Deyou and Du, Jiang and Korbel, Jan O and Emanuelsson, Olof and Zhang, Zhengdong D and Weissman, Sherman and Snyder, Michael},
  journal   = {Genome Research},
  title     = {What is a gene, post-ENCODE? History and updated definition},
  year      = {2007},
  number    = {6},
  pages     = {669--681},
  volume    = {17},
  publisher = {Cold Spring Harbor Lab},
}

@article{stoddard2011homing,
    author    = {Stoddard, Barry L},
    journal   = {Structure},
    title     = {Homing endonucleases: from microbial genetic invaders to reagents for targeted DNA modification},
    year      = {2011},
    number    = {1},
    pages     = {7--15},
    volume    = {19},
    publisher = {Elsevier}
}

@article{urnov2010genome,
    author    = {Urnov, Fyodor D and Rebar, Edward J and Holmes, Michael C and Zhang, H Steve and Gregory, Philip D},
    journal   = {Nature Reviews Genetics},
    title     = {Genome editing with engineered zinc finger nucleases},
    year      = {2010},
    number    = {9},
    pages     = {636--646},
    volume    = {11},
    publisher = {Nature Publishing Group}
}

@article{bogdanove2011tal,
    author    = {Bogdanove, Adam J and Voytas, Daniel F},
    journal   = {Science},
    title     = {TAL effectors: customizable proteins for DNA targeting},
    year      = {2011},
    number    = {6051},
    pages     = {1843--1846},
    volume    = {333},
    publisher = {American Association for the Advancement of Science}
}

@Article{m2013genome,
  author    = {M Scharenberg, Andrew and Duchateau, Philippe and Smith, Julianne},
  journal   = {Current Gene Therapy},
  title     = {Genome engineering with TAL-effector nucleases and alternative modular nuclease technologies},
  year      = {2013},
  number    = {4},
  pages     = {291--303},
  volume    = {13},
  publisher = {Bentham Science Publishers},
}

@article{hsu2014development,
    author    = {Hsu, Patrick D and Lander, Eric S and Zhang, Feng},
    journal   = {Cell},
    title     = {Development and applications of CRISPR-Cas9 for genome engineering},
    year      = {2014},
    number    = {6},
    pages     = {1262--1278},
    volume    = {157},
    publisher = {Elsevier}
}

@Article{jinek2012programmable,
  author    = {Jinek, Martin and Chylinski, Krzysztof and Fonfara, Ines and Hauer, Michael and Doudna, Jennifer A and Charpentier, Emmanuelle},
  journal   = {Science},
  title     = {A programmable dual-RNA--guided DNA endonuclease in adaptive bacterial immunity},
  year      = {2012},
  number    = {6096},
  pages     = {816--821},
  volume    = {337},
  publisher = {American Association for the Advancement of Science},
}

@article{cong2013multiplex,
    author    = {Cong, Le and Ran, F Ann and Cox, David and Lin, Shuailiang and Barretto, Robert and Habib, Naomi and Hsu, Patrick D and Wu, Xuebing and Jiang, Wenyan and Marraffini, Luciano A and others},
    journal   = {Science},
    title     = {Multiplex genome engineering using CRISPR/Cas systems},
    year      = {2013},
    number    = {6121},
    pages     = {819--823},
    volume    = {339},
    publisher = {American Association for the Advancement of Science}
}

@article{komor2016programmable,
    author    = {Komor, Alexis C and Kim, Yongjoo B and Packer, Michael S and Zuris, John A and Liu, David R},
    journal   = {Nature},
    title     = {Programmable editing of a target base in genomic DNA without double-stranded DNA cleavage},
    year      = {2016},
    number    = {7603},
    pages     = {420--424},
    volume    = {533},
    publisher = {Nature Publishing Group}
}

@article{wolffe1988developmental,
    author    = {Wolffe, Alan P and Brown, Donald D},
    journal   = {Science},
    title     = {Developmental regulation of two 5S ribosomal RNA genes},
    year      = {1988},
    number    = {4873},
    pages     = {1626--1632},
    volume    = {241},
    publisher = {American Association for the Advancement of Science}
}

@Article{bitinaite1998foki,
  author    = {Bitinaite, Jurate and Wah, David A and Aggarwal, Aneel K and Schildkraut, Ira},
  journal   = {Proceedings of the National Academy of Sciences},
  title     = {FokI dimerization is required for DNA cleavage},
  year      = {1998},
  number    = {18},
  pages     = {10570--10575},
  volume    = {95},
  publisher = {National Acad Sciences},
}

@article{kim1996hybrid,
    author    = {Kim, Yang-Gyun and Cha, Jooyeun and Chandrasegaran, Srinivasan},
    journal   = {Proceedings of the National Academy of Sciences},
    title     = {Hybrid restriction enzymes: zinc finger fusions to Fok I cleavage domain},
    year      = {1996},
    number    = {3},
    pages     = {1156--1160},
    volume    = {93},
    publisher = {National Acad Sciences}
}

@Article{porteus2005gene,
  author    = {Porteus, Matthew H and Carroll, Dana},
  journal   = {Nature Biotechnology},
  title     = {Gene targeting using zinc finger nucleases},
  year      = {2005},
  number    = {8},
  pages     = {967--973},
  volume    = {23},
  publisher = {Nature Publishing Group},
}

@Article{mandell2006zinc,
  author    = {Mandell, Jeffrey G and Barbas, Carlos F},
  journal   = {Nucleic Acids Research},
  title     = {Zinc Finger Tools: custom DNA-binding domains for transcription factors and nucleases},
  year      = {2006},
  number    = {suppl\_2},
  pages     = {W516--W523},
  volume    = {34},
  publisher = {Oxford University Press},
}

@article{cathomen2008zinc,
    author    = {Cathomen, Toni and Joung, J Keith},
    journal   = {Molecular Therapy},
    title     = {Zinc-finger nucleases: the next generation emerges},
    year      = {2008},
    number    = {7},
    pages     = {1200--1207},
    volume    = {16},
    publisher = {Elsevier}
}

@Article{doyon2008heritable,
  author    = {Doyon, Yannick and McCammon, Jasmine M and Miller, Jeffrey C and Faraji, Farhoud and Ngo, Catherine and Katibah, George E and Amora, Rainier and Hocking, Toby D and Zhang, Lei and Rebar, Edward J and others},
  journal   = {Nature Biotechnology},
  title     = {Heritable targeted gene disruption in zebrafish using designed zinc-finger nucleases},
  year      = {2008},
  number    = {6},
  pages     = {702--708},
  volume    = {26},
  publisher = {Nature Publishing Group},
}

@article{meng2008targeted,
    author    = {Meng, Xiangdong and Noyes, Marcus B and Zhu, Lihua J and Lawson, Nathan D and Wolfe, Scot A},
    journal   = {Nature Biotechnology},
    title     = {Targeted gene inactivation in zebrafish using engineered zinc-finger nucleases},
    year      = {2008},
    number    = {6},
    pages     = {695--701},
    volume    = {26},
    publisher = {Nature Publishing Group}
}

@article{guo2010directed,
    author    = {Guo, Jing and Gaj, Thomas and Barbas III, Carlos F},
    journal   = {Journal of Molecular Biology},
    title     = {Directed evolution of an enhanced and highly efficient FokI cleavage domain for zinc finger nucleases},
    year      = {2010},
    number    = {1},
    pages     = {96--107},
    volume    = {400},
    publisher = {Elsevier}
}

@article{boch2011tales,
    author    = {Boch, Jens},
    journal   = {Nature Biotechnology},
    title     = {TALEs of genome targeting},
    year      = {2011},
    number    = {2},
    pages     = {135--136},
    volume    = {29},
    publisher = {Nature Publishing Group}
}

@article{boch2009breaking,
    author    = {Boch, Jens and Scholze, Heidi and Schornack, Sebastian and Landgraf, Angelika and Hahn, Simone and Kay, Sabine and Lahaye, Thomas and Nickstadt, Anja and Bonas, Ulla},
    journal   = {Science},
    title     = {Breaking the code of DNA binding specificity of TAL-type III effectors},
    year      = {2009},
    number    = {5959},
    pages     = {1509--1512},
    volume    = {326},
    publisher = {American Association for the Advancement of Science}
}

@article{christian2010targeting,
    author    = {Christian, Michelle and Cermak, Tomas and Doyle, Erin L and Schmidt, Clarice and Zhang, Feng and Hummel, Aaron and Bogdanove, Adam J and Voytas, Daniel F},
    journal   = {Genetics},
    title     = {Targeting DNA double-strand breaks with TAL effector nucleases},
    year      = {2010},
    number    = {2},
    pages     = {757--761},
    volume    = {186},
    publisher = {Oxford University Press}
}

@article{ran2013genome,
    author    = {Ran, F Ann and Hsu, Patrick D and Wright, Jason and Agarwala, Vineeta and Scott, David A and Zhang, Feng},
    journal   = {Nature Protocols},
    title     = {Genome engineering using the CRISPR-Cas9 system},
    year      = {2013},
    number    = {11},
    pages     = {2281--2308},
    volume    = {8},
    publisher = {Nature Publishing Group}
}

@article{doudna2014new,
    author    = {Doudna, Jennifer A and Charpentier, Emmanuelle},
    journal   = {Science},
    title     = {The new frontier of genome engineering with CRISPR-Cas9},
    year      = {2014},
    number    = {6213},
    volume    = {346},
    publisher = {American Association for the Advancement of Science}
}

@article{mojica2000biological,
    author    = {Mojica, Francisco JM and D{\'\i}ez-Villase{\~n}or, Cesar and Soria, Elena and Juez, Guadalupe},
    journal   = {Molecular Microbiology},
    title     = {Biological significance of a family of regularly spaced repeats in the genomes of Archaea, Bacteria and mitochondria},
    year      = {2000},
    number    = {1},
    pages     = {244--246},
    volume    = {36},
    publisher = {Wiley Online Library}
}

@article{jansen2002identification,
    author    = {Jansen, Ruud and Embden, Jan DA van and Gaastra, Wim and Schouls, Leo M},
    journal   = {Molecular Microbiology},
    title     = {Identification of genes that are associated with DNA repeats in prokaryotes},
    year      = {2002},
    number    = {6},
    pages     = {1565--1575},
    volume    = {43},
    publisher = {Wiley Online Library}
}

@article{da2019dna,
    author    = {da Silva, Paulo FL and Schumacher, Bj{\"o}rn},
    journal   = {Open Biology},
    title     = {DNA damage responses in ageing},
    year      = {2019},
    number    = {11},
    pages     = {190168},
    volume    = {9},
    publisher = {The Royal Society}
}

@article{doseth2011uracil,
    author    = {Doseth, Berit and Visnes, Torkild and Wallenius, Anders and Ericsson, Ida and Sarno, Antonio and Pettersen, Henrik Sahlin and Flatberg, Arnar and Catterall, Tara and Slupphaug, Geir and Krokan, Hans E and others},
    journal   = {Journal of Biological Chemistry},
    title     = {Uracil-DNA glycosylase in base excision repair and adaptive immunity: species differences between man and mouse},
    year      = {2011},
    number    = {19},
    pages     = {16669--16680},
    volume    = {286},
    publisher = {Elsevier}
}

@article{postel2012potential,
    author    = {Postel-Vinay, Sophie and Vanhecke, Elsa and Olaussen, Ken A and Lord, Christopher J and Ashworth, Alan and Soria, Jean-Charles},
    journal   = {Nature Reviews Clinical Oncology},
    title     = {The potential of exploiting DNA-repair defects for optimizing lung cancer treatment},
    year      = {2012},
    number    = {3},
    pages     = {144--155},
    volume    = {9},
    publisher = {Nature Publishing Group}
}

@article{westra2014crispr,
    author    = {Westra, Edze R and Buckling, Angus and Fineran, Peter C},
    journal   = {Nature Reviews Microbiology},
    title     = {CRISPR--Cas systems: beyond adaptive immunity},
    year      = {2014},
    number    = {5},
    pages     = {317--326},
    volume    = {12},
    publisher = {Nature Publishing Group}
}

@article{rees2018base,
    author    = {Rees, Holly A and Liu, David R},
    journal   = {Nature Reviews Genetics},
    title     = {Base editing: precision chemistry on the genome and transcriptome of living cells},
    year      = {2018},
    number    = {12},
    pages     = {770--788},
    volume    = {19},
    publisher = {Nature Publishing Group}
}

@article{grunewald2019transcriptome,
    author    = {Gr{\"u}newald, Julian and Zhou, Ronghao and Garcia, Sara P and Iyer, Sowmya and Lareau, Caleb A and Aryee, Martin J and Joung, J Keith},
    journal   = {Nature},
    title     = {Transcriptome-wide off-target RNA editing induced by CRISPR-guided DNA base editors},
    year      = {2019},
    number    = {7756},
    pages     = {433--437},
    volume    = {569},
    publisher = {Nature Publishing Group}
}

@article{grunewald2019crispr,
    author    = {Gr{\"u}newald, Julian and Zhou, Ronghao and Iyer, Sowmya and Lareau, Caleb A and Garcia, Sara P and Aryee, Martin J and Joung, J Keith},
    journal   = {Nature Biotechnology},
    title     = {CRISPR DNA base editors with reduced RNA off-target and self-editing activities},
    year      = {2019},
    number    = {9},
    pages     = {1041--1048},
    volume    = {37},
    publisher = {Nature Publishing Group}
}

@article{gibson2009enzymatic,
    author    = {Gibson, Daniel G and Young, Lei and Chuang, Ray-Yuan and Venter, J Craig and Hutchison, Clyde A and Smith, Hamilton O},
    journal   = {Nature Methods},
    title     = {Enzymatic assembly of DNA molecules up to several hundred kilobases},
    year      = {2009},
    number    = {5},
    pages     = {343--345},
    volume    = {6},
    publisher = {Nature Publishing Group}
}

@article{liu2008efficient,
    author    = {Liu, Huanting and Naismith, James H},
    journal   = {BMC Biotechnology},
    title     = {An efficient one-step site-directed deletion, insertion, single and multiple-site plasmid mutagenesis protocol},
    year      = {2008},
    number    = {1},
    pages     = {1--10},
    volume    = {8},
    publisher = {BioMed Central}
}

@article{kim2015digenome,
    author    = {Kim, Daesik and Bae, Sangsu and Park, Jeongbin and Kim, Eunji and Kim, Seokjoong and Yu, Hye Ryeong and Hwang, Jinha and Kim, Jong-Il and Kim, Jin-Soo},
    journal   = {Nature Methods},
    title     = {Digenome-seq: genome-wide profiling of CRISPR-Cas9 off-target effects in human cells},
    year      = {2015},
    number    = {3},
    pages     = {237--243},
    volume    = {12},
    publisher = {Nature Publishing Group}
}

@article{tsai2017circle,
    author    = {Tsai, Shengdar Q and Nguyen, Nhu T and Malagon-Lopez, Jose and Topkar, Ved V and Aryee, Martin J and Joung, J Keith},
    journal   = {Nature Methods},
    title     = {CIRCLE-seq: a highly sensitive in vitro screen for genome-wide CRISPR--Cas9 nuclease off-targets},
    year      = {2017},
    number    = {6},
    pages     = {607},
    volume    = {14},
    publisher = {Nature Publishing Group}
}

@article{tsai2015guide,
    author    = {Tsai, Shengdar Q and Zheng, Zongli and Nguyen, Nhu T and Liebers, Matthew and Topkar, Ved V and Thapar, Vishal and Wyvekens, Nicolas and Khayter, Cyd and Iafrate, A John and Le, Long P and others},
    journal   = {Nature Biotechnology},
    title     = {GUIDE-seq enables genome-wide profiling of off-target cleavage by CRISPR-Cas nucleases},
    year      = {2015},
    number    = {2},
    pages     = {187--197},
    volume    = {33},
    publisher = {Nature Publishing Group}
}

@article{lino2018delivering,
    author    = {Lino, Christopher A and Harper, Jason C and Carney, James P and Timlin, Jerilyn A},
    journal   = {Drug Delivery},
    title     = {Delivering CRISPR: a review of the challenges and approaches},
    year      = {2018},
    number    = {1},
    pages     = {1234--1257},
    volume    = {25},
    publisher = {Taylor \& Francis}
}

@article{gaudelli2017programmable,
    author    = {Gaudelli, Nicole M and Komor, Alexis C and Rees, Holly A and Packer, Michael S and Badran, Ahmed H and Bryson, David I and Liu, David R},
    journal   = {Nature},
    title     = {Programmable base editing of A• T to G• C in genomic DNA without DNA cleavage},
    year      = {2017},
    number    = {7681},
    pages     = {464--471},
    volume    = {551},
    publisher = {Nature Publishing Group}
}

@Article{weatherall2001phenotype,
  author    = {Weatherall, DJ},
  journal   = {Nature Reviews Genetics},
  title     = {Phenotype—genotype relationships in monogenic disease: lessons from the thalassaemias},
  year      = {2001},
  number    = {4},
  pages     = {245--255},
  volume    = {2},
  publisher = {Nature Publishing Group UK London},
}

@article{lapinaite2020dna,
    author    = {Lapinaite, Audrone and Knott, Gavin J and Palumbo, Cody M and Lin-Shiao, Enrique and Richter, Michelle F and Zhao, Kevin T and Beal, Peter A and Liu, David R and Doudna, Jennifer A},
    journal   = {Science},
    title     = {DNA capture by a CRISPR-Cas9--guided adenine base editor},
    year      = {2020},
    number    = {6503},
    pages     = {566--571},
    volume    = {369},
    publisher = {American Association for the Advancement of Science}
}

@article{thuronyi2019continuous,
    author    = {Thuronyi, Benjamin W and Koblan, Luke W and Levy, Jonathan M and Yeh, Wei-Hsi and Zheng, Christine and Newby, Gregory A and Wilson, Christopher and Bhaumik, Mantu and Shubina-Oleinik, Olga and Holt, Jeffrey R and others},
    journal   = {Nature Biotechnology},
    title     = {Continuous evolution of base editors with expanded target compatibility and improved activity},
    year      = {2019},
    number    = {9},
    pages     = {1070--1079},
    volume    = {37},
    publisher = {Nature Publishing Group}
}

@article{anzalone2020genome,
    author    = {Anzalone, Andrew V and Koblan, Luke W and Liu, David R},
    journal   = {Nature Biotechnology},
    title     = {Genome editing with CRISPR--Cas nucleases, base editors, transposases and prime editors},
    year      = {2020},
    number    = {7},
    pages     = {824--844},
    volume    = {38},
    publisher = {Nature Publishing Group}
}

@article{saraconi2014rna,
    author    = {Saraconi, Giulia and Severi, Francesco and Sala, Cesare and Mattiuz, Giorgio and Conticello, Silvestro G},
    journal   = {Genome Biology},
    title     = {The RNA editing enzyme APOBEC1 induces somatic mutations and a compatible mutational signature is present in esophageal adenocarcinomas},
    year      = {2014},
    number    = {7},
    pages     = {1--10},
    volume    = {15},
    publisher = {BioMed Central}
}

@article{kim2017genome,
    author    = {Kim, Daesik and Lim, Kayeong and Kim, Sang-Tae and Yoon, Sun-heui and Kim, Kyoungmi and Ryu, Seuk-Min and Kim, Jin-Soo},
    journal   = {Nature Biotechnology},
    title     = {Genome-wide target specificities of CRISPR RNA-guided programmable deaminases},
    year      = {2017},
    number    = {5},
    pages     = {475--480},
    volume    = {35},
    publisher = {Nature Publishing Group}
}

@article{zhou2019off,
    author    = {Zhou, Changyang and Sun, Yidi and Yan, Rui and Liu, Yajing and Zuo, Erwei and Gu, Chan and Han, Linxiao and Wei, Yu and Hu, Xinde and Zeng, Rong and others},
    journal   = {Nature},
    title     = {Off-target RNA mutation induced by DNA base editing and its elimination by mutagenesis},
    year      = {2019},
    number    = {7764},
    pages     = {275--278},
    volume    = {571},
    publisher = {Nature Publishing Group}
}

@article{jin2019cytosine,
    author    = {Jin, Shuai and Zong, Yuan and Gao, Qiang and Zhu, Zixu and Wang, Yanpeng and Qin, Peng and Liang, Chengzhi and Wang, Daowen and Qiu, Jin-Long and Zhang, Feng and others},
    journal   = {Science},
    title     = {Cytosine, but not adenine, base editors induce genome-wide off-target mutations in rice},
    year      = {2019},
    number    = {6437},
    pages     = {292--295},
    volume    = {364},
    publisher = {American Association for the Advancement of Science}
}

@article{zuo2019cytosine,
    author    = {Zuo, Erwei and Sun, Yidi and Wei, Wu and Yuan, Tanglong and Ying, Wenqin and Sun, Hao and Yuan, Liyun and Steinmetz, Lars M and Li, Yixue and Yang, Hui},
    journal   = {Science},
    title     = {Cytosine base editor generates substantial off-target single-nucleotide variants in mouse embryos},
    year      = {2019},
    number    = {6437},
    pages     = {289--292},
    volume    = {364},
    publisher = {American Association for the Advancement of Science}
}

@article{doman2020evaluation,
    author    = {Doman, Jordan L and Raguram, Aditya and Newby, Gregory A and Liu, David R},
    journal   = {Nature Biotechnology},
    title     = {Evaluation and minimization of Cas9-independent off-target DNA editing by cytosine base editors},
    year      = {2020},
    number    = {5},
    pages     = {620--628},
    volume    = {38},
    publisher = {Nature Publishing Group}
}

@Article{zuo2020rationally,
  author  = {Zuo, Erwei and Sun, Yidi and Yuan, Tanglong and He, Bingbing and Zhou, Changyang and Ying, Wenqin and Liu, Jing and Wei, Wu and Zeng, Rong and Li, Yixue and others},
  journal = {Nature Methods},
  title   = {A rationally engineered cytosine base editor retains high on-target activity while reducing both DNA and RNA off-target effects},
  year    = {2020},
  number  = {6},
  pages   = {600--604},
  volume  = {17},
}

@article{wang2020cas12a,
    author    = {Wang, Xiao and Ding, Chengfeng and Yu, Wenxia and Wang, Ying and He, Siting and Yang, Bei and Xiong, Yi-Chun and Wei, Jia and Li, Jifang and Liang, Jiayi and others},
    journal   = {Cell Reports},
    title     = {Cas12a base editors induce efficient and specific editing with low DNA damage response},
    year      = {2020},
    number    = {9},
    pages     = {107723},
    volume    = {31},
    publisher = {Elsevier}
}

@article{bae2014cas,
    author    = {Bae, Sangsu and Park, Jeongbin and Kim, Jin-Soo},
    journal   = {Bioinformatics},
    title     = {Cas-OFFinder: a fast and versatile algorithm that searches for potential off-target sites of Cas9 RNA-guided endonucleases},
    year      = {2014},
    number    = {10},
    pages     = {1473--1475},
    volume    = {30},
    publisher = {Oxford University Press}
}

@article{kim2019genome,
    author    = {Kim, Daesik and Kim, Da-eun and Lee, Gyeorae and Cho, Sung-Ik and Kim, Jin-Soo},
    journal   = {Nature Biotechnology},
    title     = {Genome-wide target specificity of CRISPR RNA-guided adenine base editors},
    year      = {2019},
    number    = {4},
    pages     = {430--435},
    volume    = {37},
    publisher = {Nature Publishing Group}
}

@article{li2018base,
    author    = {Li, Xiaosa and Wang, Ying and Liu, Yajing and Yang, Bei and Wang, Xiao and Wei, Jia and Lu, Zongyang and Zhang, Yuxi and Wu, Jing and Huang, Xingxu and others},
    journal   = {Nature Biotechnology},
    title     = {Base editing with a Cpf1--cytidine deaminase fusion},
    year      = {2018},
    number    = {4},
    pages     = {324},
    volume    = {36},
    publisher = {Nature Publishing Group}
}

@Article{sakata2020base,
  author    = {Sakata, Rina C and Ishiguro, Soh and Mori, Hideto and Tanaka, Mamoru and Tatsuno, Kenji and Ueda, Hiroki and Yamamoto, Shogo and Seki, Motoaki and Masuyama, Nanami and Nishida, Keiji and others},
  journal   = {Nature Biotechnology},
  title     = {Base editors for simultaneous introduction of C-to-T and A-to-G mutations},
  year      = {2020},
  number    = {7},
  pages     = {865--869},
  volume    = {38},
  publisher = {Nature Publishing Group US New York},
}

@article{zhang2020dual,
    author    = {Zhang, Xiaohui and Zhu, Biyun and Chen, Liang and Xie, Ling and Yu, Weishi and Wang, Ying and Li, Linxi and Yin, Shuming and Yang, Lei and Hu, Handan and others},
    journal   = {Nature Biotechnology},
    title     = {Dual base editor catalyzes both cytosine and adenine base conversions in human cells},
    year      = {2020},
    number    = {7},
    pages     = {856--860},
    volume    = {38},
    publisher = {Nature Publishing Group}
}

@article{grunewald2020dual,
    author    = {Gr{\"u}newald, Julian and Zhou, Ronghao and Lareau, Caleb A and Garcia, Sara P and Iyer, Sowmya and Miller, Bret R and Langner, Lukas M and Hsu, Jonathan Y and Aryee, Martin J and Joung, J Keith},
    journal   = {Nature Biotechnology},
    title     = {A dual-deaminase CRISPR base editor enables concurrent adenine and cytosine editing},
    year      = {2020},
    number    = {7},
    pages     = {861--864},
    volume    = {38},
    publisher = {Nature Publishing Group}
}

@article{li2020targeted,
    author    = {Li, Chao and Zhang, Rui and Meng, Xiangbing and Chen, Sha and Zong, Yuan and Lu, Chunju and Qiu, Jin-Long and Chen, Yu-Hang and Li, Jiayang and Gao, Caixia},
    journal   = {Nature Biotechnology},
    title     = {Targeted, random mutagenesis of plant genes with dual cytosine and adenine base editors},
    year      = {2020},
    number    = {7},
    pages     = {875--882},
    volume    = {38},
    publisher = {Nature Publishing Group}
}

@article{kurt2021crispr,
    author    = {Kurt, Ibrahim C and Zhou, Ronghao and Iyer, Sowmya and Garcia, Sara P and Miller, Bret R and Langner, Lukas M and Gr{\"u}newald, Julian and Joung, J Keith},
    journal   = {Nature Biotechnology},
    title     = {CRISPR C-to-G base editors for inducing targeted DNA transversions in human cells},
    year      = {2021},
    number    = {1},
    pages     = {41--46},
    volume    = {39},
    publisher = {Nature Publishing Group}
}

@Article{mok2020bacterial,
  author    = {Mok, Beverly Y and de Moraes, Marcos H and Zeng, Jun and Bosch, Dustin E and Kotrys, Anna V and Raguram, Aditya and Hsu, FoSheng and Radey, Matthew C and Peterson, S Brook and Mootha, Vamsi K and others},
  journal   = {Nature},
  title     = {A bacterial cytidine deaminase toxin enables CRISPR-free mitochondrial base editing},
  year      = {2020},
  number    = {7817},
  pages     = {631--637},
  volume    = {583},
  publisher = {Nature Publishing Group UK London},
}

@article{levy2020cytosine,
    author    = {Levy, Jonathan M and Yeh, Wei-Hsi and Pendse, Nachiket and Davis, Jessie R and Hennessey, Erin and Butcher, Rossano and Koblan, Luke W and Comander, Jason and Liu, Qin and Liu, David R},
    journal   = {Nature Biomedical Engineering},
    title     = {Cytosine and adenine base editing of the brain, liver, retina, heart and skeletal muscle of mice via adeno-associated viruses},
    year      = {2020},
    number    = {1},
    pages     = {97--110},
    volume    = {4},
    publisher = {Nature Publishing Group}
}

@article{chen2007extensive,
    author    = {Chen, Kuan-Ming and Martemyanova, Natalia and Lu, Yongjian and Shindo, Keisuke and Matsuo, Hiroshi and Harris, Reuben S},
    journal   = {FEBS Letters},
    title     = {Extensive mutagenesis experiments corroborate a structural model for the DNA deaminase domain of APOBEC3G},
    year      = {2007},
    number    = {24},
    pages     = {4761--4766},
    volume    = {581},
    publisher = {Elsevier}
}

@article{cullot2019crispr,
    author    = {Cullot, Gr{\'e}goire and Boutin, Julian and Toutain, J{\'e}r{\^o}me and Prat, Florence and Pennamen, Perrine and Rooryck, Caroline and Teichmann, Martin and Rousseau, Emilie and Lamrissi-Garcia, Isabelle and Guyonnet-Duperat, V{\'e}ronique and others},
    journal   = {Nature Communications},
    title     = {CRISPR-Cas9 genome editing induces megabase-scale chromosomal truncations},
    year      = {2019},
    number    = {1},
    pages     = {1--14},
    volume    = {10},
    publisher = {Nature Publishing Group}
}

@article{wei2022human,
    author    = {Wei, Yinghui and Xu, Chunlong and Feng, Hu and Xu, Kui and Li, Zhifang and Hu, Jing and Zhou, Ling and Wei, Yu and Zuo, Zhenrui and Zuo, Erwei and others},
    journal   = {Cell Discovery},
    title     = {Human cleaving embryos enable efficient mitochondrial base-editing with DdCBE},
    year      = {2022},
    number    = {1},
    pages     = {1--4},
    volume    = {8},
    publisher = {Nature Publishing Group}
}

@article{chen2022ddcbe,
    author    = {Chen, Xiaoxu and Liang, Dong and Guo, Jiayin and Zhang, Junqiang and Sun, Haifeng and Zhang, Xiaolan and Jin, Jiachuan and Dai, Yichen and Bao, Qinmin and Qian, Xuezhen and others},
    journal   = {Cell Discovery},
    title     = {DdCBE-mediated mitochondrial base editing in human 3PN embryos},
    year      = {2022},
    number    = {1},
    pages     = {1--4},
    volume    = {8},
    publisher = {Nature Publishing Group}
}

@article{kang2021chloroplast,
    author    = {Kang, Beum-Chang and Bae, Su-Ji and Lee, Seonghyun and Lee, Jeong Sun and Kim, Annie and Lee, Hyunji and Baek, Gayoung and Seo, Huiyun and Kim, Jihun and Kim, Jin-Soo},
    journal   = {Nature Plants},
    title     = {Chloroplast and mitochondrial DNA editing in plants},
    year      = {2021},
    number    = {7},
    pages     = {899--905},
    volume    = {7},
    publisher = {Nature Publishing Group}
}

@article{guo2022ddcbe,
    author    = {Guo, Jiayin and Chen, Xiaoxu and Liu, Zhiwei and Sun, Haifeng and Zhou, Yu and Dai, Yichen and He, Lei and Qian, Xuezhen and Wang, Jianying and Zhang, Jie and others},
    journal   = {Molecular Therapy-Nucleic Acids},
    title     = {DdCBE mediates efficient and inheritable modifications in mouse mitochondrial genome},
    year      = {2022},
    pages     = {73--80},
    volume    = {27},
    publisher = {Elsevier}
}

@Article{lei2022mitochondrial,
  author    = {Lei, Zhixin and Meng, Haowei and Liu, Lulu and Zhao, Huanan and Rao, Xichen and Yan, Yongchang and Wu, Hao and Liu, Min and He, Aibin and Yi, Chengqi},
  journal   = {Nature},
  title     = {Mitochondrial base editor induces substantial nuclear off-target mutations},
  year      = {2022},
  number    = {7915},
  pages     = {804--811},
  volume    = {606},
  publisher = {Nature Publishing Group UK London},
}

@article{wei2022mitochondrial,
    author    = {Wei, Yinghui and Li, Zhifang and Xu, Kui and Feng, Hu and Xie, Long and Li, Di and Zuo, Zhenrui and Zhang, Meiling and Xu, Chunlong and Yang, Hui and others},
    journal   = {Cell Discovery},
    title     = {Mitochondrial base editor DdCBE causes substantial DNA off-target editing in nuclear genome of embryos},
    year      = {2022},
    number    = {1},
    pages     = {1--4},
    volume    = {8},
    publisher = {Nature Publishing Group}
}

@article{busslinger2017cohesin,
    author    = {Busslinger, Georg A and Stocsits, Roman R and Van Der Lelij, Petra and Axelsson, Elin and Tedeschi, Antonio and Galjart, Niels and Peters, Jan-Michael},
    journal   = {Nature},
    title     = {Cohesin is positioned in mammalian genomes by transcription, CTCF and Wapl},
    year      = {2017},
    number    = {7651},
    pages     = {503--507},
    volume    = {544},
    publisher = {Nature Publishing Group}
}

@InProceedings{wang2019tour,
  author    = {Wang, Diane C and Wang, William and Zhang, Linlin and Wang, Xiangdong},
  booktitle = {Seminars in Cell \& Developmental Biology},
  title     = {A tour of 3D genome with a focus on CTCF},
  year      = {2019},
  pages     = {4--11},
  publisher = {Elsevier},
  volume    = {90},
}

@article{zhao2021glycosylase,
    author    = {Zhao, Dongdong and Li, Ju and Li, Siwei and Xin, Xiuqing and Hu, Muzi and Price, Marcus A and Rosser, Susan J and Bi, Changhao and Zhang, Xueli},
    journal   = {Nature Biotechnology},
    title     = {Glycosylase base editors enable C-to-A and C-to-G base changes},
    year      = {2021},
    number    = {1},
    pages     = {35--40},
    volume    = {39},
    publisher = {Nature Publishing Group}
}

@article{cho2022targeted,
    author    = {Cho, Sung-Ik and Lee, Seonghyun and Mok, Young Geun and Lim, Kayeong and Lee, Jaesuk and Lee, Ji Min and Chung, Eugene and Kim, Jin-Soo},
    journal   = {Cell},
    title     = {Targeted A-to-G base editing in human mitochondrial DNA with programmable deaminases},
    year      = {2022},
    number    = {10},
    pages     = {1764--1776},
    volume    = {185},
    publisher = {Elsevier}
}

@article{Anzalone2019,
    author    = {Anzalone, Andrew V and Randolph, Peyton B and Davis, Jessie R and Sousa, Alexander A and Koblan, Luke W and Levy, Jonathan M and Chen, Peter J and Wilson, Christopher and Newby, Gregory A and Raguram, Aditya and others},
    journal   = {Nature},
    title     = {Search-and-replace genome editing without double-strand breaks or donor DNA},
    year      = {2019},
    number    = {7785},
    pages     = {149--157},
    volume    = {576},
    publisher = {Nature Publishing Group}
}

@article{gammage2018mitochondrial,
    author    = {Gammage, Payam A and Moraes, Carlos T and Minczuk, Michal},
    journal   = {Trends in Genetics},
    title     = {Mitochondrial genome engineering: the revolution may not be CRISPR-Ized},
    year      = {2018},
    number    = {2},
    pages     = {101--110},
    volume    = {34},
    publisher = {Elsevier}
}

@Article{craven2017recent,
  author    = {Craven, Lyndsey and Alston, Charlotte L and Taylor, Robert W and Turnbull, Doug M},
  journal   = {Annual Review of Genomics and Human Genetics},
  title     = {Recent advances in mitochondrial disease},
  year      = {2017},
  number    = {1},
  pages     = {257--275},
  volume    = {18},
  publisher = {Annual Reviews},
}

@Article{gorman2016mitochondrial,
  author    = {Gorman, Gr{\'a}inne S and Chinnery, Patrick F and DiMauro, Salvatore and Hirano, Michio and Koga, Yasutoshi and McFarland, Robert and Suomalainen, Anu and Thorburn, David R and Zeviani, Massimo and Turnbull, Douglass M},
  journal   = {Nature Reviews Disease Primers},
  title     = {Mitochondrial diseases},
  year      = {2016},
  number    = {1},
  pages     = {1--22},
  volume    = {2},
  publisher = {Nature Publishing Group},
}

@Article{landrum2016clinvar,
  author    = {Landrum, Melissa J and Lee, Jennifer M and Benson, Mark and Brown, Garth and Chao, Chen and Chitipiralla, Shanmuga and Gu, Baoshan and Hart, Jennifer and Hoffman, Douglas and Hoover, Jeffrey and others},
  journal   = {Nucleic Acids Research},
  title     = {ClinVar: public archive of interpretations of clinically relevant variants},
  year      = {2016},
  number    = {D1},
  pages     = {D862--D868},
  volume    = {44},
  publisher = {Oxford University Press},
}

@Article{10002015global,
  author  = {Auton, A and Brooks, LD and Durbin, RM and Garrison, EP and Kang, HM and Korbel, JO and Marchini, JL and McCarthy, S and McVean, GA and Abecasis, GR},
  journal = {Nature},
  title   = {A global reference for human genetic variation},
  year    = {2015},
  number  = {7571},
  pages   = {68--74},
  volume  = {526},
}

@Article{international2001initial,
  author    = {Lander, {E S} and Linton, {L M} and B Birren and C Nusbaum and Zody, {M C} and J Baldwin and K Devon and K Dewar and M Doyle and W FitzHugh and R Funke and D Gage and K Harris and A Heaford and J Howland and L Kann and J Lehoczky and R LeVine and P McEwan and K McKernan and J Meldrim and Mesirov, {J P} and C Miranda and W Morris and J Naylor and C Raymond and M Rosetti and R Santos and A Sheridan and C Sougnez and N Stange-Thomann and N Stojanovic and A Subramanian and D Wyman and J Rogers and J Sulston and R Ainscough and S Beck and D Bentley and J Burton and C Clee and N Carter and A Coulson and R Deadman and P Deloukas and A Dunham and I Dunham and R Durbin and L French and T Hubbard and {International Human Genome Sequencing Consortium}},
  journal   = {NATURE},
  title     = {Initial sequencing and analysis of the human genome},
  year      = {2001},
  issn      = {0028-0836},
  month     = feb,
  number    = {6822},
  pages     = {860--921},
  volume    = {409},
  abstract  = {The human genome holds an extraordinary trove of information about human development, physiology, medicine and evolution. Here we report the results of an international collaboration to produce and make freely available a draft sequence of the human genome. We also present an initial analysis of the data, describing some of the insights that can be gleaned from the sequence.},
  day       = {15},
  doi       = {10.1038/35057062},
  keywords  = {Animals, Chromosome Mapping, Conserved Sequence, CpG Islands, DNA Transposable Elements, Databases, Factual, Drug Industry, Evolution, Molecular, Forecasting, GC Rich Sequence, Gene Duplication, Genes, Genetic Diseases, Inborn, Genetics, Medical, Genome, Human, Human Genome Project, Humans, Mutation, Private Sector, Proteins, Proteome, Public Sector, RNA, Repetitive Sequences, Nucleic Acid, Sequence Analysis, DNA, Species Specificity},
  language  = {English},
  publisher = {Nature Publishing Group},
}

@Article{venter2001sequence,
  author    = {Venter, J Craig and Adams, Mark D and Myers, Eugene W and Li, Peter W and Mural, Richard J and Sutton, Granger G and Smith, Hamilton O and Yandell, Mark and Evans, Cheryl A and Holt, Robert A and others},
  journal   = {Science},
  title     = {The sequence of the human genome},
  year      = {2001},
  number    = {5507},
  pages     = {1304--1351},
  volume    = {291},
  publisher = {American Association for the Advancement of Science},
}

@Article{nurk2022complete,
  author    = {Nurk, Sergey and Koren, Sergey and Rhie, Arang and Rautiainen, Mikko and Bzikadze, Andrey V and Mikheenko, Alla and Vollger, Mitchell R and Altemose, Nicolas and Uralsky, Lev and Gershman, Ariel and others},
  journal   = {Science},
  title     = {The complete sequence of a human genome},
  year      = {2022},
  number    = {6588},
  pages     = {44--53},
  volume    = {376},
  publisher = {American Association for the Advancement of Science},
}

@Article{sanger1977dna,
  author    = {Sanger, Frederick and Nicklen, Steven and Coulson, Alan R},
  journal   = {Proceedings of the National Academy of Sciences},
  title     = {DNA sequencing with chain-terminating inhibitors},
  year      = {1977},
  number    = {12},
  pages     = {5463--5467},
  volume    = {74},
  publisher = {National Acad Sciences},
}

@Article{anderson1981sequence,
  author    = {Anderson, Sharon and Bankier, Alan T and Barrell, Bart G and de Bruijn, Maarten HL and Coulson, Alan R and Drouin, Jacques and Eperon, Ian C and Nierlich, Donald P and Roe, Bruce A and Sanger, Frederick and others},
  journal   = {Nature},
  title     = {Sequence and organization of the human mitochondrial genome},
  year      = {1981},
  number    = {5806},
  pages     = {457--465},
  volume    = {290},
  publisher = {Nature Publishing Group UK London},
}

@Article{uyhazi2021crispr,
  author    = {Uyhazi, Katherine E and Bennett, Jean and others},
  journal   = {Journal of Clinical Investigation},
  title     = {A CRISPR view of the 2020 Nobel Prize in Chemistry},
  year      = {2021},
  number    = {1},
  volume    = {131},
  publisher = {Am Soc Clin Investig},
}

@Article{ramakrishnan2016overview,
  author    = {Ramakrishnan, V and Husain, RS Akram and Kumar, S Gowtham},
  journal   = {Saudi Journal for Health Sciences},
  title     = {An overview of rare genetic disorders and recent diagnostic approaches},
  year      = {2016},
  number    = {3},
  pages     = {105--117},
  volume    = {5},
  publisher = {Medknow},
}

@Article{wallace2018mitochondrial,
  author    = {Wallace, Douglas C},
  journal   = {Nature Genetics},
  title     = {Mitochondrial genetic medicine},
  year      = {2018},
  number    = {12},
  pages     = {1642--1649},
  volume    = {50},
  publisher = {Nature Publishing Group US New York},
}

@Article{lake2016leigh,
  author    = {Lake, Nicole J and Compton, Alison G and Rahman, Shamima and Thorburn, David R},
  journal   = {Annals of Neurology},
  title     = {Leigh syndrome: one disorder, more than 75 monogenic causes},
  year      = {2016},
  number    = {2},
  pages     = {190--203},
  volume    = {79},
  publisher = {Wiley Online Library},
}

@Article{mali2013rna,
  author    = {Mali, Prashant and Yang, Luhan and Esvelt, Kevin M and Aach, John and Guell, Marc and DiCarlo, James E and Norville, Julie E and Church, George M},
  journal   = {Science},
  title     = {RNA-guided human genome engineering via Cas9},
  year      = {2013},
  number    = {6121},
  pages     = {823--826},
  volume    = {339},
  publisher = {American Association for the Advancement of Science},
}

@Article{parums2024first,
  author    = {Parums, Dinah V},
  journal   = {Medical Science Monitor: International Medical Journal of Experimental and Clinical Research},
  title     = {first regulatory approvals for CRISPR-Cas9 therapeutic gene editing for sickle cell disease and transfusion-dependent $\beta$-thalassemia},
  year      = {2024},
  pages     = {e944204--1},
  volume    = {30},
  publisher = {International Scientific Information, Inc.},
}

@Article{leonard2024new,
  author    = {Leonard, Alexis and Tisdale, John F},
  journal   = {Molecular Therapy},
  title     = {A new frontier: FDA approvals for gene therapy in sickle cell disease},
  year      = {2024},
  number    = {2},
  pages     = {264--267},
  volume    = {32},
  publisher = {Elsevier},
}

@Article{rao2023characterizing,
  author    = {Rao, Xichen and Zhao, Huanan and Shao, Chuyun and Yi, Chengqi},
  journal   = {Current Opinion in Biomedical Engineering},
  title     = {Characterizing off-target effects of genome editors},
  year      = {2023},
  pages     = {100480},
  volume    = {28},
  publisher = {Elsevier},
}

@Article{lei2021detect,
  author    = {Lei, Zhixin and Meng, Haowei and Lv, Zhicong and Liu, Menghao and Zhao, Huanan and Wu, Hao and Zhang, Xiaoxue and Liu, Lulu and Zhuang, Yuan and Yin, Kailin and others},
  journal   = {Nature Methods},
  title     = {Detect-seq reveals out-of-protospacer editing and target-strand editing by cytosine base editors},
  year      = {2021},
  number    = {6},
  pages     = {643--651},
  volume    = {18},
  publisher = {Nature Publishing Group US New York},
}

@Article{diorio2022cytosine,
  author    = {Diorio, Caroline and Murray, Ryan and Naniong, Mark and Barrera, Luis and Camblin, Adam and Chukinas, John and Coholan, Lindsey and Edwards, Aaron and Fuller, Tori and Gonzales, Claudia and others},
  journal   = {Blood, The Journal of the American Society of Hematology},
  title     = {Cytosine base editing enables quadruple-edited allogeneic CART cells for T-ALL},
  year      = {2022},
  number    = {6},
  pages     = {619--629},
  volume    = {140},
  publisher = {American Society of Hematology Washington, DC},
}

@Article{lei2023detect,
  author    = {Lei, Zhixin and Meng, Haowei and Rao, Xichen and Zhao, Huanan and Yi, Chengqi},
  journal   = {Nature Protocols},
  title     = {Detect-seq, a chemical labeling and biotin pull-down approach for the unbiased and genome-wide off-target evaluation of programmable cytosine base editors},
  year      = {2023},
  number    = {7},
  pages     = {2221--2255},
  volume    = {18},
  publisher = {Nature Publishing Group UK London},
}

@Article{lei2023chemical,
  author    = {Lei, Zhixin and Meng, Haowei and Zhuang, Yuan and Zhu, Qingguo and Yi, Chengqi},
  journal   = {ACS Chemical Biology},
  title     = {Chemical and biological approaches to interrogate off-target effects of genome editing tools},
  year      = {2023},
  number    = {2},
  pages     = {205--217},
  volume    = {18},
  publisher = {ACS Publications},
}

@Article{kim2016genome,
  author    = {Kim, Jin-Soo},
  journal   = {Nature Protocols},
  title     = {Genome editing comes of age},
  year      = {2016},
  number    = {9},
  pages     = {1573--1578},
  volume    = {11},
  publisher = {Nature Publishing Group UK London},
}

@Article{rudin1988efficient,
  author  = {Rudin, N and Haber, JE},
  journal = {Molecular and Cellular Biology},
  title   = {Efficient repair of HO-induced chromosomal breaks in Saccharomyces cerevisiae by recombination between flanking homologous sequences},
  year    = {1988},
  number  = {9},
  pages   = {3918--3928},
  volume  = {8},
}

@Article{rouet1994introduction,
  author    = {Rouet, Philippe and Smih, Fatima and Jasin, Maria},
  journal   = {Molecular and Cellular Biology},
  title     = {Introduction of double-strand breaks into the genome of mouse cells by expression of a rare-cutting endonuclease},
  year      = {1994},
  number    = {12},
  pages     = {8096--8106},
  volume    = {14},
  publisher = {Taylor \& Francis},
}

@Article{capecchi2005gene,
  author    = {Capecchi, Mario R},
  journal   = {Nature Reviews Genetics},
  title     = {Gene targeting in mice: functional analysis of the mammalian genome for the twenty-first century},
  year      = {2005},
  number    = {6},
  pages     = {507--512},
  volume    = {6},
  publisher = {Nature Publishing Group UK London},
}

@Article{gong2003ends,
  author    = {Gong, Wei J and Golic, Kent G},
  journal   = {Proceedings of the National Academy of Sciences},
  title     = {Ends-out, or replacement, gene targeting in Drosophila},
  year      = {2003},
  number    = {5},
  pages     = {2556--2561},
  volume    = {100},
  publisher = {National Acad Sciences},
}

@Article{katoueezadeh2021inhibition,
  author    = {Katoueezadeh, Maryam and Pilehvari, Niloofar and Fatemi, Ahmad and Hassanshahi, Gholamhossein and Torabizadeh, Seyedeh Atekeh},
  journal   = {Future Oncology},
  title     = {Inhibition of DNA damage response pathway using combination of DDR pathway inhibitors and radiation in treatment of acute lymphoblastic leukemia cells},
  year      = {2021},
  number    = {21},
  pages     = {2803--2816},
  volume    = {17},
  publisher = {Taylor \& Francis},
}

@InCollection{kuwayama2012enhancement,
  author    = {Kuwayama, Hidekazu},
  booktitle = {Cell Interaction},
  publisher = {IntechOpen},
  title     = {Enhancement of Homologous Recombination Efficiency by Homologous Oligonucleotides},
  year      = {2012},
}

@Article{stubbs2011function,
  author  = {Stubbs, Lisa and Sun, Younguk and Caetano-Anolles, Derek},
  journal = {Sub-cellular biochemistry},
  title   = {Function and Evolution of C2H2 Zinc Finger Arrays},
  year    = {2011},
  pages   = {75--94},
  volume  = {52},
}

@Article{ganss2004zinc,
  author    = {Ganss, Bernhard and Jheon, Andrew},
  journal   = {Critical Reviews in Oral Biology \& Medicine},
  title     = {Zinc finger transcription factors in skeletal development},
  year      = {2004},
  number    = {5},
  pages     = {282--297},
  volume    = {15},
  publisher = {SAGE Publications},
}

@Article{miller2007improved,
  author    = {Miller, Jeffrey C and Holmes, Michael C and Wang, Jianbin and Guschin, Dmitry Y and Lee, Ya-Li and Rupniewski, Igor and Beausejour, Christian M and Waite, Adam J and Wang, Nathaniel S and Kim, Kenneth A and others},
  journal   = {Nature Biotechnology},
  title     = {An improved zinc-finger nuclease architecture for highly specific genome editing},
  year      = {2007},
  number    = {7},
  pages     = {778--785},
  volume    = {25},
  publisher = {Nature Publishing Group US New York},
}

@Article{szczepek2007structure,
  author    = {Szczepek, Michal and Brondani, Vincent and B{\"u}chel, Janine and Serrano, Luis and Segal, David J and Cathomen, Toni},
  journal   = {Nature Biotechnology},
  title     = {Structure-based redesign of the dimerization interface reduces the toxicity of zinc-finger nucleases},
  year      = {2007},
  number    = {7},
  pages     = {786--793},
  volume    = {25},
  publisher = {Nature Publishing Group US New York},
}

@InCollection{li2024new,
  author    = {Li, Kui and Zhang, Yong and Wang, Bingyuan and Mu, Yulian and Zhou, Rong and Dai, Yunping and Lai, Liangxue and Ruan, Jinxue and Liu, Zhiguo and Wu, Tianwen and others},
  booktitle = {Livestock Genome Editing Tools},
  publisher = {Elsevier},
  title     = {New tools for genome editing},
  year      = {2024},
  pages     = {19--93},
}

@Article{miller1985repetitive,
  author  = {Miller, J and McLachlan, AD and Klug, AJTEj},
  journal = {The EMBO journal},
  title   = {Repetitive zinc-binding domains in the protein transcription factor IIIA from Xenopus oocytes.},
  year    = {1985},
  number  = {6},
  pages   = {1609--1614},
  volume  = {4},
}

@Article{kay2007bacterial,
  author    = {Kay, Sabine and Hahn, Simone and Marois, Eric and Hause, Gerd and Bonas, Ulla},
  journal   = {Science},
  title     = {A bacterial effector acts as a plant transcription factor and induces a cell size regulator},
  year      = {2007},
  number    = {5850},
  pages     = {648--651},
  volume    = {318},
  publisher = {American Association for the Advancement of Science},
}

@Article{sanjana2012transcription,
  author    = {Sanjana, Neville E and Cong, Le and Zhou, Yang and Cunniff, Margaret M and Feng, Guoping and Zhang, Feng},
  journal   = {Nature Protocols},
  title     = {A transcription activator-like effector toolbox for genome engineering},
  year      = {2012},
  number    = {1},
  pages     = {171--192},
  volume    = {7},
  publisher = {Nature Publishing Group UK London},
}

@Article{moscou2009simple,
  author    = {Moscou, Matthew J and Bogdanove, Adam J},
  journal   = {Science},
  title     = {A simple cipher governs DNA recognition by TAL effectors},
  year      = {2009},
  number    = {5959},
  pages     = {1501--1501},
  volume    = {326},
  publisher = {American Association for the Advancement of Science},
}

@Article{cermak2011efficient,
  author    = {Cermak, Tomas and Doyle, Erin L and Christian, Michelle and Wang, Li and Zhang, Yong and Schmidt, Clarice and Baller, Joshua A and Somia, Nikunj V and Bogdanove, Adam J and Voytas, Daniel F},
  journal   = {Nucleic Acids Research},
  title     = {Efficient design and assembly of custom TALEN and other TAL effector-based constructs for DNA targeting},
  year      = {2011},
  number    = {12},
  pages     = {e82--e82},
  volume    = {39},
  publisher = {Oxford University Press},
}

@Article{streubel2012tal,
  author    = {Streubel, Jana and Bl{\"u}cher, Christina and Landgraf, Angelika and Boch, Jens},
  journal   = {Nature Biotechnology},
  title     = {TAL effector RVD specificities and efficiencies},
  year      = {2012},
  number    = {7},
  pages     = {593--595},
  volume    = {30},
  publisher = {Nature Publishing Group US New York},
}

@Article{reyon2012flash,
  author    = {Reyon, Deepak and Tsai, Shengdar Q and Khayter, Cyd and Foden, Jennifer A and Sander, Jeffry D and Joung, J Keith},
  journal   = {Nature Biotechnology},
  title     = {FLASH assembly of TALENs for high-throughput genome editing},
  year      = {2012},
  number    = {5},
  pages     = {460--465},
  volume    = {30},
  publisher = {Nature Publishing Group US New York},
}

@Article{schmid2013ligation,
  author    = {Schmid-Burgk, Jonathan L and Schmidt, Tobias and Kaiser, Vera and H{\"o}ning, Klara and Hornung, Veit},
  journal   = {Nature Biotechnology},
  title     = {A ligation-independent cloning technique for high-throughput assembly of transcription activator--like effector genes},
  year      = {2013},
  number    = {1},
  pages     = {76--81},
  volume    = {31},
  publisher = {Nature Publishing Group US New York},
}

@Article{kim2013library,
  author    = {Kim, Yongsub and Kweon, Jiyeon and Kim, Annie and Chon, Jae Kyung and Yoo, Ji Yeon and Kim, Hye Joo and Kim, Sojung and Lee, Choongil and Jeong, Euihwan and Chung, Eugene and others},
  journal   = {Nature Biotechnology},
  title     = {A library of TAL effector nucleases spanning the human genome},
  year      = {2013},
  number    = {3},
  pages     = {251--258},
  volume    = {31},
  publisher = {Nature Publishing Group US New York},
}

@Article{deng2012structural,
  author    = {Deng, Dong and Yan, Chuangye and Pan, Xiaojing and Mahfouz, Magdy and Wang, Jiawei and Zhu, Jian-Kang and Shi, Yigong and Yan, Nieng},
  journal   = {Science},
  title     = {Structural basis for sequence-specific recognition of DNA by TAL effectors},
  year      = {2012},
  number    = {6069},
  pages     = {720--723},
  volume    = {335},
  publisher = {American Association for the Advancement of Science},
}

@Article{mak2012crystal,
  author    = {Mak, Amanda Nga-Sze and Bradley, Philip and Cernadas, Raul A and Bogdanove, Adam J and Stoddard, Barry L},
  journal   = {Science},
  title     = {The crystal structure of TAL effector PthXo1 bound to its DNA target},
  year      = {2012},
  number    = {6069},
  pages     = {716--719},
  volume    = {335},
  publisher = {American Association for the Advancement of Science},
}

@Article{li2011tal,
  author    = {Li, Ting and Huang, Sheng and Jiang, Wen Zhi and Wright, David and Spalding, Martin H and Weeks, Donald P and Yang, Bing},
  journal   = {Nucleic Acids Research},
  title     = {TAL nucleases (TALNs): hybrid proteins composed of TAL effectors and FokI DNA-cleavage domain},
  year      = {2011},
  number    = {1},
  pages     = {359--372},
  volume    = {39},
  publisher = {Oxford University Press},
}

@Article{miller2011tale,
  author    = {Miller, Jeffrey C and Tan, Siyuan and Qiao, Guijuan and Barlow, Kyle A and Wang, Jianbin and Xia, Danny F and Meng, Xiangdong and Paschon, David E and Leung, Elo and Hinkley, Sarah J and others},
  journal   = {Nature Biotechnology},
  title     = {A TALE nuclease architecture for efficient genome editing},
  year      = {2011},
  number    = {2},
  pages     = {143--148},
  volume    = {29},
  publisher = {Nature Publishing Group US New York},
}

@Article{mahfouz2011novo,
  author    = {Mahfouz, Magdy M and Li, Lixin and Shamimuzzaman, Md and Wibowo, Anjar and Fang, Xiaoyun and Zhu, Jian-Kang},
  journal   = {Proceedings of the National Academy of Sciences},
  title     = {De novo-engineered transcription activator-like effector (TALE) hybrid nuclease with novel DNA binding specificity creates double-strand breaks},
  year      = {2011},
  number    = {6},
  pages     = {2623--2628},
  volume    = {108},
  publisher = {National Acad Sciences},
}

@Article{abramson2023preliminary,
  author    = {Abramson, Jeremy S and Ramakrishnan, Aravind and Pierola, Ana Alfonso and Braunschweig, Ira and Cartron, Guillaume and Thieblemont, Catherine and P{\'e}rez-Sim{\'o}n, Jose A and Barba, Pere and Riedell, Peter A and Solano, Carlos and others},
  journal   = {Blood},
  title     = {Preliminary results of nathali-01: A first-in-human phase I/IIa study of UCART20x22, a dual allogeneic CAR-T cell product targeting CD20 and CD22, in relapsed or refractory (R/R) non-hodgkin lymphoma (NHL)},
  year      = {2023},
  pages     = {2110},
  volume    = {142},
  publisher = {Elsevier},
}

@Article{qasim2017molecular,
  author    = {Qasim, Waseem and Zhan, Hong and Samarasinghe, Sujith and Adams, Stuart and Amrolia, Persis and Stafford, Sian and Butler, Katie and Rivat, Christine and Wright, Gary and Somana, Kathy and others},
  journal   = {Science Translational Medicine},
  title     = {Molecular remission of infant B-ALL after infusion of universal TALEN gene-edited CAR T cells},
  year      = {2017},
  number    = {374},
  pages     = {eaaj2013},
  volume    = {9},
  publisher = {American Association for the Advancement of Science},
}

@Article{menz2020genome,
  author    = {Menz, Jochen and Modrzejewski, Dominik and Hartung, Frank and Wilhelm, Ralf and Sprink, Thorben},
  journal   = {Frontiers in Plant Science},
  title     = {Genome edited crops touch the market: a view on the global development and regulatory environment},
  year      = {2020},
  pages     = {586027},
  volume    = {11},
  publisher = {Frontiers Media SA},
}

@Article{li2014production,
  author  = {Li, Feida and Li, Yong and Liu, Huan and Zhang, Huanhuan and Liu, Chuxin and Zhang, Xingju and Dou, Hongwei and Yang, Wenxian and Du, Yutao},
  journal = {Hereditas},
  title   = {Production of GHR double-allelic knockout Bama pig by TALENs and handmade cloning},
  year    = {2014},
  number  = {9},
  pages   = {903--911},
  volume  = {36},
}

@Article{carlson2016production,
  author    = {Carlson, Daniel F and Lancto, Cheryl A and Zang, Bin and Kim, Eui-Soo and Walton, Mark and Oldeschulte, David and Seabury, Christopher and Sonstegard, Tad S and Fahrenkrug, Scott C},
  journal   = {Nature Biotechnology},
  title     = {Production of hornless dairy cattle from genome-edited cell lines},
  year      = {2016},
  number    = {5},
  pages     = {479--481},
  volume    = {34},
  publisher = {Nature Publishing Group US New York},
}

@Article{young2020genomic,
  author    = {Young, Amy E and Mansour, Tamer A and McNabb, Bret R and Owen, Joseph R and Trott, Josephine F and Brown, C Titus and Van Eenennaam, Alison L},
  journal   = {Nature Biotechnology},
  title     = {Genomic and phenotypic analyses of six offspring of a genome-edited hornless bull},
  year      = {2020},
  number    = {2},
  pages     = {225--232},
  volume    = {38},
  publisher = {Nature Publishing Group US New York},
}

@Article{solomon2020genome,
  author    = {Solomon, Steven M},
  journal   = {Nature Biotechnology},
  title     = {Genome editing in animals: why FDA regulation matters},
  year      = {2020},
  number    = {2},
  pages     = {142--143},
  volume    = {38},
  publisher = {Nature Publishing Group US New York},
}

@Article{li2012high,
  author    = {Li, Ting and Liu, Bo and Spalding, Martin H and Weeks, Donald P and Yang, Bing},
  journal   = {Nature Biotechnology},
  title     = {High-efficiency TALEN-based gene editing produces disease-resistant rice},
  year      = {2012},
  number    = {5},
  pages     = {390--392},
  volume    = {30},
  publisher = {Nature Publishing Group US New York},
}

@Article{hubbard2015continuous,
  author    = {Hubbard, Basil P and Badran, Ahmed H and Zuris, John A and Guilinger, John P and Davis, Kevin M and Chen, Liwei and Tsai, Shengdar Q and Sander, Jeffry D and Joung, J Keith and Liu, David R},
  journal   = {Nature Methods},
  title     = {Continuous directed evolution of DNA-binding proteins to improve TALEN specificity},
  year      = {2015},
  number    = {10},
  pages     = {939--942},
  volume    = {12},
  publisher = {Nature Publishing Group US New York},
}

@Article{juillerat2015optimized,
  author    = {Juillerat, Alexandre and Pessereau, Coline and Dubois, Gwendoline and Guyot, Val{\'e}rie and Mar{\'e}chal, Alan and Valton, Julien and Daboussi, Fayza and Poirot, Laurent and Duclert, Aymeric and Duchateau, Philippe},
  journal   = {Scientific Reports},
  title     = {Optimized tuning of TALEN specificity using non-conventional RVDs},
  year      = {2015},
  number    = {1},
  pages     = {8150},
  volume    = {5},
  publisher = {Nature Publishing Group UK London},
}

@Article{lee2016nuclease,
  author    = {Lee, Ciaran M and Cradick, Thomas J and Fine, Eli J and Bao, Gang},
  journal   = {Molecular Therapy},
  title     = {Nuclease target site selection for maximizing on-target activity and minimizing off-target effects in genome editing},
  year      = {2016},
  number    = {3},
  pages     = {475--487},
  volume    = {24},
  publisher = {Elsevier},
}

@Article{ishino1987nucleotide,
  author    = {Ishino, Yoshizumi and Shinagawa, Hideo and Makino, Kozo and Amemura, Mitsuko and Nakata, Atsuo},
  journal   = {Journal of Bacteriology},
  title     = {Nucleotide sequence of the iap gene, responsible for alkaline phosphatase isozyme conversion in Escherichia coli, and identification of the gene product},
  year      = {1987},
  number    = {12},
  pages     = {5429--5433},
  volume    = {169},
  publisher = {Am Soc Microbiol},
}

@Article{van1993comparison,
  author    = {van Soolingen, Dick and de Haas, Petra E and Hermans, Peter W and Groenen, Peter M and van Embden, Jan D},
  journal   = {Journal of Clinical Microbiology},
  title     = {Comparison of various repetitive DNA elements as genetic markers for strain differentiation and epidemiology of Mycobacterium tuberculosis},
  year      = {1993},
  number    = {8},
  pages     = {1987--1995},
  volume    = {31},
  publisher = {Am Soc Microbiol},
}

@Article{hermans1991insertion,
  author    = {Hermans, PW and Van Soolingen, D and Bik, EM and De Haas, PE and Dale, JW and Van Embden, JD},
  journal   = {Infection and Immunity},
  title     = {Insertion element IS987 from Mycobacterium bovis BCG is located in a hot-spot integration region for insertion elements in Mycobacterium tuberculosis complex strains},
  year      = {1991},
  number    = {8},
  pages     = {2695--2705},
  volume    = {59},
  publisher = {Am Soc Microbiol},
}

@Article{mojica1993transcription,
  author    = {Mojica, Francisco JM and Juez, Guadalupe and Rodriguez-Valera, Francisco},
  journal   = {Molecular Microbiology},
  title     = {Transcription at different salinities of Haloferax mediterranei sequences adjacent to partially modified PstI sites},
  year      = {1993},
  number    = {3},
  pages     = {613--621},
  volume    = {9},
  publisher = {Wiley Online Library},
}

@Article{mojica2005intervening,
  author    = {Mojica, Francisco JM and D{\'\i}ez-Villase{\~n}or, Chc) sar and Garc{\'\i}a-Mart{\'\i}nez, Jes{\'u}s and Soria, Elena},
  journal   = {Journal of Molecular Evolution},
  title     = {Intervening sequences of regularly spaced prokaryotic repeats derive from foreign genetic elements},
  year      = {2005},
  pages     = {174--182},
  volume    = {60},
  publisher = {Springer},
}

@Article{pourcel2005crispr,
  author    = {Pourcel, Christine and Salvignol, Gregory and Vergnaud, Gilles},
  journal   = {Microbiology},
  title     = {CRISPR elements in Yersinia pestis acquire new repeats by preferential uptake of bacteriophage DNA, and provide additional tools for evolutionary studies},
  year      = {2005},
  number    = {3},
  pages     = {653--663},
  volume    = {151},
  publisher = {Microbiology Society},
}

@Article{bolotin2005clustered,
  author    = {Bolotin, Alexander and Quinquis, Benoit and Sorokin, Alexei and Ehrlich, S Dusko},
  journal   = {Microbiology},
  title     = {Clustered regularly interspaced short palindrome repeats (CRISPRs) have spacers of extrachromosomal origin},
  year      = {2005},
  number    = {8},
  pages     = {2551--2561},
  volume    = {151},
  publisher = {Microbiology Society},
}

@Article{barrangou2007crispr,
  author    = {Barrangou, Rodolphe and Fremaux, Christophe and Deveau, H{\'e}l{\`e}ne and Richards, Melissa and Boyaval, Patrick and Moineau, Sylvain and Romero, Dennis A and Horvath, Philippe},
  journal   = {Science},
  title     = {CRISPR provides acquired resistance against viruses in prokaryotes},
  year      = {2007},
  number    = {5819},
  pages     = {1709--1712},
  volume    = {315},
  publisher = {American Association for the Advancement of Science},
}

@Article{brouns2008small,
  author    = {Brouns, Stan JJ and Jore, Matthijs M and Lundgren, Magnus and Westra, Edze R and Slijkhuis, Rik JH and Snijders, Ambrosius PL and Dickman, Mark J and Makarova, Kira S and Koonin, Eugene V and Van Der Oost, John},
  journal   = {Science},
  title     = {Small CRISPR RNAs guide antiviral defense in prokaryotes},
  year      = {2008},
  number    = {5891},
  pages     = {960--964},
  volume    = {321},
  publisher = {American Association for the Advancement of Science},
}

@Article{makarova2006putative,
  author    = {Makarova, Kira S and Grishin, Nick V and Shabalina, Svetlana A and Wolf, Yuri I and Koonin, Eugene V},
  journal   = {Biology Direct},
  title     = {A putative RNA-interference-based immune system in prokaryotes: computational analysis of the predicted enzymatic machinery, functional analogies with eukaryotic RNAi, and hypothetical mechanisms of action},
  year      = {2006},
  pages     = {1--26},
  volume    = {1},
  publisher = {Springer},
}

@Article{marraffini2008crispr,
  author    = {Marraffini, Luciano A and Sontheimer, Erik J},
  journal   = {Science},
  title     = {CRISPR interference limits horizontal gene transfer in staphylococci by targeting DNA},
  year      = {2008},
  number    = {5909},
  pages     = {1843--1845},
  volume    = {322},
  publisher = {American Association for the Advancement of Science},
}

@Article{garneau2010crispr,
  author    = {Garneau, Josiane E and Dupuis, Marie-{\`E}ve and Villion, Manuela and Romero, Dennis A and Barrangou, Rodolphe and Boyaval, Patrick and Fremaux, Christophe and Horvath, Philippe and Magad{\'a}n, Alfonso H and Moineau, Sylvain},
  journal   = {Nature},
  title     = {The CRISPR/Cas bacterial immune system cleaves bacteriophage and plasmid DNA},
  year      = {2010},
  number    = {7320},
  pages     = {67--71},
  volume    = {468},
  publisher = {Nature Publishing Group UK London},
}

@Article{mojica2009short,
  author    = {Mojica, Francisco JM and D{\'\i}ez-Villase{\~n}or, C{\'e}sar and Garc{\'\i}a-Mart{\'\i}nez, Jes{\'u}s and Almendros, Crist{\'o}bal},
  journal   = {Microbiology},
  title     = {Short motif sequences determine the targets of the prokaryotic CRISPR defence system},
  year      = {2009},
  number    = {3},
  pages     = {733--740},
  volume    = {155},
  publisher = {Microbiology Society},
}

@Article{horvath2010crispr,
  author    = {Horvath, Philippe and Barrangou, Rodolphe},
  journal   = {Science},
  title     = {CRISPR/Cas, the immune system of bacteria and archaea},
  year      = {2010},
  number    = {5962},
  pages     = {167--170},
  volume    = {327},
  publisher = {American Association for the Advancement of Science},
}

@Article{deltcheva2011crispr,
  author    = {Deltcheva, Elitza and Chylinski, Krzysztof and Sharma, Cynthia M and Gonzales, Karine and Chao, Yanjie and Pirzada, Zaid A and Eckert, Maria R and Vogel, J{\"o}rg and Charpentier, Emmanuelle},
  journal   = {Nature},
  title     = {CRISPR RNA maturation by trans-encoded small RNA and host factor RNase III},
  year      = {2011},
  number    = {7340},
  pages     = {602--607},
  volume    = {471},
  publisher = {Nature Publishing Group UK London},
}

@Article{gasiunas2012cas9,
  author    = {Gasiunas, Giedrius and Barrangou, Rodolphe and Horvath, Philippe and Siksnys, Virginijus},
  journal   = {Proceedings of the National Academy of Sciences},
  title     = {Cas9--crRNA ribonucleoprotein complex mediates specific DNA cleavage for adaptive immunity in bacteria},
  year      = {2012},
  number    = {39},
  pages     = {E2579--E2586},
  volume    = {109},
  publisher = {National Acad Sciences},
}

@Article{jinek2013rna,
  author    = {Jinek, Martin and East, Alexandra and Cheng, Aaron and Lin, Steven and Ma, Enbo and Doudna, Jennifer},
  journal   = {eLife},
  title     = {RNA-programmed genome editing in human cells},
  year      = {2013},
  pages     = {e00471},
  volume    = {2},
  publisher = {eLife Sciences Publications, Ltd},
}

@Article{cho2013targeted,
  author    = {Cho, Seung Woo and Kim, Sojung and Kim, Jong Min and Kim, Jin-Soo},
  journal   = {Nature Biotechnology},
  title     = {Targeted genome engineering in human cells with the Cas9 RNA-guided endonuclease},
  year      = {2013},
  number    = {3},
  pages     = {230--232},
  volume    = {31},
  publisher = {Nature Publishing Group US New York},
}

@Article{hwang2013efficient,
  author    = {Hwang, Woong Y and Fu, Yanfang and Reyon, Deepak and Maeder, Morgan L and Tsai, Shengdar Q and Sander, Jeffry D and Peterson, Randall T and Yeh, JR Joanna and Joung, J Keith},
  journal   = {Nature Biotechnology},
  title     = {Efficient genome editing in zebrafish using a CRISPR-Cas system},
  year      = {2013},
  number    = {3},
  pages     = {227--229},
  volume    = {31},
  publisher = {Nature Publishing Group US New York},
}

@Article{makarova2020evolutionary,
  author    = {Makarova, Kira S and Wolf, Yuri I and Iranzo, Jaime and Shmakov, Sergey A and Alkhnbashi, Omer S and Brouns, Stan JJ and Charpentier, Emmanuelle and Cheng, David and Haft, Daniel H and Horvath, Philippe and others},
  journal   = {Nature Reviews Microbiology},
  title     = {Evolutionary classification of CRISPR--Cas systems: a burst of class 2 and derived variants},
  year      = {2020},
  number    = {2},
  pages     = {67--83},
  volume    = {18},
  publisher = {Nature Publishing Group UK London},
}

@Article{makarova2015updated,
  author    = {Makarova, Kira S and Wolf, Yuri I and Alkhnbashi, Omer S and Costa, Fabrizio and Shah, Shiraz A and Saunders, Sita J and Barrangou, Rodolphe and Brouns, Stan JJ and Charpentier, Emmanuelle and Haft, Daniel H and others},
  journal   = {Nature Reviews Microbiology},
  title     = {An updated evolutionary classification of CRISPR--Cas systems},
  year      = {2015},
  number    = {11},
  pages     = {722--736},
  volume    = {13},
  publisher = {Nature Publishing Group UK London},
}

@Article{koonin2017diversity,
  author    = {Koonin, Eugene V and Makarova, Kira S and Zhang, Feng},
  journal   = {Current Opinion in Microbiology},
  title     = {Diversity, classification and evolution of CRISPR-Cas systems},
  year      = {2017},
  pages     = {67--78},
  volume    = {37},
  publisher = {Elsevier},
}

@Article{yan2019functionally,
  author    = {Yan, Winston X and Hunnewell, Pratyusha and Alfonse, Lauren E and Carte, Jason M and Keston-Smith, Elise and Sothiselvam, Shanmugapriya and Garrity, Anthony J and Chong, Shaorong and Makarova, Kira S and Koonin, Eugene V and others},
  journal   = {Science},
  title     = {Functionally diverse type V CRISPR-Cas systems},
  year      = {2019},
  number    = {6422},
  pages     = {88--91},
  volume    = {363},
  publisher = {American Association for the Advancement of Science},
}

@Article{ozcan2021programmable,
  author    = {{\"O}zcan, Ahsen and Krajeski, Rohan and Ioannidi, Eleonora and Lee, Brennan and Gardner, Apolonia and Makarova, Kira S and Koonin, Eugene V and Abudayyeh, Omar O and Gootenberg, Jonathan S},
  journal   = {Nature},
  title     = {Programmable RNA targeting with the single-protein CRISPR effector Cas7-11},
  year      = {2021},
  number    = {7878},
  pages     = {720--725},
  volume    = {597},
  publisher = {Nature Publishing Group UK London},
}

@Article{pickar2019next,
  author    = {Pickar-Oliver, Adrian and Gersbach, Charles A},
  journal   = {Nature Reviews Molecular Cell Biology},
  title     = {The next generation of CRISPR--Cas technologies and applications},
  year      = {2019},
  number    = {8},
  pages     = {490--507},
  volume    = {20},
  publisher = {Nature Publishing Group UK London},
}

@Article{altae2023uncovering,
  author    = {Altae-Tran, Han and Kannan, Soumya and Suberski, Anthony J and Mears, Kepler S and Demircioglu, F Esra and Moeller, Lukas and Kocalar, Selin and Oshiro, Rachel and Makarova, Kira S and Macrae, Rhiannon K and others},
  journal   = {Science},
  title     = {Uncovering the functional diversity of rare CRISPR-Cas systems with deep terascale clustering},
  year      = {2023},
  number    = {6673},
  pages     = {eadi1910},
  volume    = {382},
  publisher = {American Association for the Advancement of Science},
}

@Article{li2021cryo,
  author    = {Li, Zhuang and Zhang, Heng and Xiao, Renjian and Han, Ruijie and Chang, Leifu},
  journal   = {Nature Chemical Biology},
  title     = {Cryo-EM structure of the RNA-guided ribonuclease Cas12g},
  year      = {2021},
  number    = {4},
  pages     = {387--393},
  volume    = {17},
  publisher = {Nature Publishing Group US New York},
}

@Article{guo2023off,
  author    = {Guo, Congting and Ma, Xiaoteng and Gao, Fei and Guo, Yuxuan},
  journal   = {Frontiers in Bioengineering and Biotechnology},
  title     = {Off-target effects in CRISPR/Cas9 gene editing},
  year      = {2023},
  pages     = {1143157},
  volume    = {11},
  publisher = {Frontiers Media SA},
}

@Article{pattanayak2011revealing,
  author    = {Pattanayak, Vikram and Ramirez, Cherie L and Joung, J Keith and Liu, David R},
  journal   = {Nature Methods},
  title     = {Revealing off-target cleavage specificities of zinc-finger nucleases by in vitro selection},
  year      = {2011},
  number    = {9},
  pages     = {765--770},
  volume    = {8},
  publisher = {Nature Publishing Group US New York},
}

@Article{hu2016detecting,
  author    = {Hu, Jiazhi and Meyers, Robin M and Dong, Junchao and Panchakshari, Rohit A and Alt, Frederick W and Frock, Richard L},
  journal   = {Nature Protocols},
  title     = {Detecting DNA double-stranded breaks in mammalian genomes by linear amplification--mediated high-throughput genome-wide translocation sequencing},
  year      = {2016},
  number    = {5},
  pages     = {853--871},
  volume    = {11},
  publisher = {Nature Publishing Group UK London},
}

@Article{crosetto2013nucleotide,
  author    = {Crosetto, Nicola and Mitra, Abhishek and Silva, Maria Joao and Bienko, Magda and Dojer, Norbert and Wang, Qi and Karaca, Elif and Chiarle, Roberto and Skrzypczak, Magdalena and Ginalski, Krzysztof and others},
  journal   = {Nature Methods},
  title     = {Nucleotide-resolution DNA double-strand break mapping by next-generation sequencing},
  year      = {2013},
  number    = {4},
  pages     = {361--365},
  volume    = {10},
  publisher = {Nature Publishing Group US New York},
}

@Article{wienert2019unbiased,
  author    = {Wienert, Beeke and Wyman, Stacia K and Richardson, Christopher D and Yeh, Charles D and Akcakaya, Pinar and Porritt, Michelle J and Morlock, Michaela and Vu, Jonathan T and Kazane, Katelynn R and Watry, Hannah L and others},
  journal   = {Science},
  title     = {Unbiased detection of CRISPR off-targets in vivo using DISCOVER-Seq},
  year      = {2019},
  number    = {6437},
  pages     = {286--289},
  volume    = {364},
  publisher = {American Association for the Advancement of Science},
}

@Article{liang2022genome,
  author    = {Liang, Shun-Qing and Liu, Pengpeng and Smith, Jordan L and Mintzer, Esther and Maitland, Stacy and Dong, Xiaolong and Yang, Qiyuan and Lee, Jonathan and Haynes, Cole M and Zhu, Lihua Julie and others},
  journal   = {Nature Communications},
  title     = {Genome-wide detection of CRISPR editing in vivo using GUIDE-tag},
  year      = {2022},
  number    = {1},
  pages     = {437},
  volume    = {13},
  publisher = {Nature Publishing Group UK London},
}

@Article{kim2018dig,
  author    = {Kim, Daesik and Kim, Jin-Soo},
  journal   = {Genome Research},
  title     = {DIG-seq: a genome-wide CRISPR off-target profiling method using chromatin DNA},
  year      = {2018},
  number    = {12},
  pages     = {1894--1900},
  volume    = {28},
  publisher = {Cold Spring Harbor Lab},
}

@Article{kwon2023extru,
  author    = {Kwon, Jeonghun and Kim, Minyoung and Hwang, Woochang and Jo, Anna and Hwang, Gue-Ho and Jung, Minhee and Kim, Un Gi and Cui, Gang and Kim, Heonseok and Eom, Joon-Ho and others},
  journal   = {Genome Biology},
  title     = {Extru-seq: a method for predicting genome-wide Cas9 off-target sites with advantages of both cell-based and in vitro approaches},
  year      = {2023},
  number    = {1},
  pages     = {4},
  volume    = {24},
  publisher = {Springer},
}

@Article{kampmann2018crispri,
  author    = {Kampmann, Martin},
  journal   = {ACS Chemical Biology},
  title     = {CRISPRi and CRISPRa screens in mammalian cells for precision biology and medicine},
  year      = {2018},
  number    = {2},
  pages     = {406--416},
  volume    = {13},
  publisher = {ACS Publications},
}

@Article{almeida2022crispr,
  author    = {Almeida, Renata Sanches and Wisnieski, Fernanda and Takao Real Karia, Bruno and Smith, Marilia Arruda Cardoso},
  journal   = {Genes},
  title     = {CRISPR/Cas9 genome-editing technology and potential clinical application in gastric cancer},
  year      = {2022},
  number    = {11},
  pages     = {2029},
  volume    = {13},
  publisher = {MDPI},
}

@Article{tsujino2021crispr,
  author    = {Tsujino, Takuya and Komura, Kazumasa and Inamoto, Teruo and Azuma, Haruhito},
  journal   = {International Journal of Molecular Sciences},
  title     = {CRISPR screen contributes to novel target discovery in prostate cancer},
  year      = {2021},
  number    = {23},
  pages     = {12777},
  volume    = {22},
  publisher = {MDPI},
}

@Article{wei2019genome,
  author    = {Wei, Lai and Lee, Derek and Law, Cheuk-Ting and Zhang, Misty Shuo and Shen, Jialing and Chin, Don Wai-Ching and Zhang, Allen and Tsang, Felice Ho-Ching and Wong, Ceci Lok-Sze and Ng, Irene Oi-Lin and others},
  journal   = {Nature Communications},
  title     = {Genome-wide CRISPR/Cas9 library screening identified PHGDH as a critical driver for Sorafenib resistance in HCC},
  year      = {2019},
  number    = {1},
  pages     = {4681},
  volume    = {10},
  publisher = {Nature Publishing Group UK London},
}

@Article{gebre2018crispr,
  author    = {Gebre, Makda and Nomburg, Jason L and Gewurz, Benjamin E},
  journal   = {Viruses},
  title     = {Crispr--Cas9 genetic analysis of virus--Host interactions},
  year      = {2018},
  number    = {2},
  pages     = {55},
  volume    = {10},
  publisher = {MDPI},
}

@Article{yang2019dynamic,
  author    = {Yang, Liang-Zhong and Wang, Yang and Li, Si-Qi and Yao, Run-Wen and Luan, Peng-Fei and Wu, Huang and Carmichael, Gordon G and Chen, Ling-Ling},
  journal   = {Molecular Cell},
  title     = {Dynamic imaging of RNA in living cells by CRISPR-Cas13 systems},
  year      = {2019},
  number    = {6},
  pages     = {981--997},
  volume    = {76},
  publisher = {Elsevier},
}

@Article{kellner2019sherlock,
  author    = {Kellner, Max J and Koob, Jeremy G and Gootenberg, Jonathan S and Abudayyeh, Omar O and Zhang, Feng},
  journal   = {Nature Protocols},
  title     = {SHERLOCK: nucleic acid detection with CRISPR nucleases},
  year      = {2019},
  number    = {10},
  pages     = {2986--3012},
  volume    = {14},
  publisher = {Nature Publishing Group},
}

@Article{broughton2020crispr,
  author    = {Broughton, James P and Deng, Xianding and Yu, Guixia and Fasching, Clare L and Servellita, Venice and Singh, Jasmeet and Miao, Xin and Streithorst, Jessica A and Granados, Andrea and Sotomayor-Gonzalez, Alicia and others},
  journal   = {Nature Biotechnology},
  title     = {CRISPR--Cas12-based detection of SARS-CoV-2},
  year      = {2020},
  number    = {7},
  pages     = {870--874},
  volume    = {38},
  publisher = {Nature Publishing Group US New York},
}

@Article{gootenberg2018multiplexed,
  author    = {Gootenberg, Jonathan S and Abudayyeh, Omar O and Kellner, Max J and Joung, Julia and Collins, James J and Zhang, Feng},
  journal   = {Science},
  title     = {Multiplexed and portable nucleic acid detection platform with Cas13, Cas12a, and Csm6},
  year      = {2018},
  number    = {6387},
  pages     = {439--444},
  volume    = {360},
  publisher = {American Association for the Advancement of Science},
}

@Article{mustafa2021sherlock,
  author    = {Mustafa, Mujahed I and Makhawi, Abdelrafie M},
  journal   = {Journal of Clinical Microbiology},
  title     = {SHERLOCK and DETECTR: CRISPR-Cas systems as potential rapid diagnostic tools for emerging infectious diseases},
  year      = {2021},
  number    = {3},
  pages     = {10--1128},
  volume    = {59},
  publisher = {Am Soc Microbiol},
}

@Article{wang2023long,
  author    = {Wang, Xiaotong and Xu, Guangxue and Johnson, William A and Qu, Yuanhao and Yin, Di and Ramkissoon, Nurupa and Xiang, Hong and Cong, Le},
  journal   = {Current opinion in biomedical engineering},
  title     = {Long sequence insertion via CRISPR/Cas gene-editing with transposase, recombinase, and integrase},
  year      = {2023},
  pages     = {100491},
  volume    = {28},
  publisher = {Elsevier},
}

@Article{song2024programmable,
  author    = {Song, Jinghui and Zhuang, Yuan and Yi, Chengqi},
  journal   = {Nature Chemical Biology},
  title     = {Programmable RNA base editing via targeted modifications},
  year      = {2024},
  number    = {3},
  pages     = {277--290},
  volume    = {20},
  publisher = {Nature Publishing Group US New York},
}

@Article{day1999nucleotide,
  author    = {Day, Joseph P and Barany, Francis and Bergstrom, Donald and Hammer, Robert P},
  journal   = {Nucleic Acids Research},
  title     = {Nucleotide analogs facilitate base conversion with 3′ mismatch primers},
  year      = {1999},
  number    = {8},
  pages     = {1810--1818},
  volume    = {27},
  publisher = {Oxford University Press},
}

@Article{nishida2016targeted,
  author    = {Nishida, Keiji and Arazoe, Takayuki and Yachie, Nozomu and Banno, Satomi and Kakimoto, Mika and Tabata, Mayura and Mochizuki, Masao and Miyabe, Aya and Araki, Michihiro and Hara, Kiyotaka Y and others},
  journal   = {Science},
  title     = {Targeted nucleotide editing using hybrid prokaryotic and vertebrate adaptive immune systems},
  year      = {2016},
  number    = {6305},
  pages     = {aaf8729},
  volume    = {353},
  publisher = {American Association for the Advancement of Science},
}

@Article{richter2020phage,
  author    = {Richter, Michelle F and Zhao, Kevin T and Eton, Elliot and Lapinaite, Audrone and Newby, Gregory A and Thuronyi, B W and Wilson, Christopher and Koblan, Luke W and Zeng, Jing and Bauer, Daniel E and others},
  journal   = {Nature Biotechnology},
  title     = {Phage-assisted evolution of an adenine base editor with improved Cas domain compatibility and activity},
  year      = {2020},
  number    = {7},
  pages     = {883--891},
  volume    = {38},
  publisher = {Nature Publishing Group UK London},
}

@Article{xie2020acbe,
  author    = {Xie, Jingke and Huang, Xingyun and Wang, Xia and Gou, Shixue and Liang, Yanhui and Chen, Fangbing and Li, Nan and Ouyang, Zhen and Zhang, Quanjun and Ge, Weikai and others},
  journal   = {BMC biology},
  title     = {ACBE, a new base editor for simultaneous C-to-T and A-to-G substitutions in mammalian systems},
  year      = {2020},
  pages     = {1--14},
  volume    = {18},
  publisher = {Springer},
}

@Article{wang2021eliminating,
  author    = {Wang, Lijie and Xue, Wei and Zhang, Hongxia and Gao, Runze and Qiu, Houyuan and Wei, Jia and Zhou, Lina and Lei, Yun-Ni and Wu, Xiaocheng and Li, Xiao and others},
  journal   = {Nature Cell Biology},
  title     = {Eliminating base-editor-induced genome-wide and transcriptome-wide off-target mutations},
  year      = {2021},
  number    = {5},
  pages     = {552--563},
  volume    = {23},
  publisher = {Nature Publishing Group UK London},
}

@Article{tong2023programmable,
  author    = {Tong, Huawei and Wang, Xuchen and Liu, Yuanhua and Liu, Nana and Li, Yun and Luo, Jiamin and Ma, Qian and Wu, Danni and Li, Jiyong and Xu, Chunlong and others},
  journal   = {Nature Biotechnology},
  title     = {Programmable A-to-Y base editing by fusing an adenine base editor with an N-methylpurine DNA glycosylase},
  year      = {2023},
  number    = {8},
  pages     = {1080--1084},
  volume    = {41},
  publisher = {Nature Publishing Group US New York},
}

@Article{tong2024programmable,
  author    = {Tong, Huawei and Li, Tong and Yang, Hui},
  journal   = {Life Medicine},
  title     = {Programmable G-to-Y base editing using engineered DNA glycosylase},
  year      = {2024},
  number    = {1},
  pages     = {lnae005},
  volume    = {3},
  publisher = {Oxford University Press UK},
}

@Article{komor2017improved,
  author    = {Komor, Alexis C and Zhao, Kevin T and Packer, Michael S and Gaudelli, Nicole M and Waterbury, Amanda L and Koblan, Luke W and Kim, Y Bill and Badran, Ahmed H and Liu, David R},
  journal   = {Science Advances},
  title     = {Improved base excision repair inhibition and bacteriophage Mu Gam protein yields C: G-to-T: A base editors with higher efficiency and product purity},
  year      = {2017},
  number    = {8},
  pages     = {eaao4774},
  volume    = {3},
  publisher = {American Association for the Advancement of Science},
}

@Article{koblan2021efficient,
  author    = {Koblan, Luke W and Arbab, Mandana and Shen, Max W and Hussmann, Jeffrey A and Anzalone, Andrew V and Doman, Jordan L and Newby, Gregory A and Yang, Dian and Mok, Beverly and Replogle, Joseph M and others},
  journal   = {Nature Biotechnology},
  title     = {Efficient C• G-to-G• C base editors developed using CRISPRi screens, target-library analysis, and machine learning},
  year      = {2021},
  number    = {11},
  pages     = {1414--1425},
  volume    = {39},
  publisher = {Nature Publishing Group US New York},
}

@Article{liang2022agbe,
  author    = {Liang, Yanhui and Xie, Jingke and Zhang, Quanjun and Wang, Xiaomin and Gou, Shixue and Lin, Lihui and Chen, Tao and Ge, Weikai and Zhuang, Zhenpeng and Lian, Meng and others},
  journal   = {Nucleic Acids Research},
  title     = {AGBE: a dual deaminase-mediated base editor by fusing CGBE with ABE for creating a saturated mutant population with multiple editing patterns},
  year      = {2022},
  number    = {9},
  pages     = {5384--5399},
  volume    = {50},
  publisher = {Oxford University Press},
}

@Article{chen2024adenine,
  author    = {Chen, Liang and Hong, Mengjia and Luan, Changming and Gao, Hongyi and Ru, Gaomeng and Guo, Xinyuan and Zhang, Dujuan and Zhang, Shun and Li, Changwei and Wu, Jun and others},
  journal   = {Nature Biotechnology},
  title     = {Adenine transversion editors enable precise, efficient A• T-to-C• G base editing in mammalian cells and embryos},
  year      = {2024},
  number    = {4},
  pages     = {638--650},
  volume    = {42},
  publisher = {Nature Publishing Group US New York},
}

@Article{ye2024glycosylase,
  author    = {Ye, Lijun and Zhao, Dongdong and Li, Ju and Wang, Yiran and Li, Bo and Yang, Yuanzhao and Hou, Xueting and Wang, Huibin and Wei, Zhandong and Liu, Xiaoqi and others},
  journal   = {Nature Biotechnology},
  title     = {Glycosylase-based base editors for efficient T-to-G and C-to-G editing in mammalian cells},
  year      = {2024},
  number    = {0},
  pages     = {1--10},
  volume    = {0},
  publisher = {Nature Publishing Group US New York},
}

@Article{he2024protein,
  author    = {He, Yan and Zhou, Xibin and Chang, Chong and Chen, Ge and Liu, Weikuan and Li, Geng and Fan, Xiaoqi and Sun, Mingsun and Miao, Chensi and Huang, Qianyue and others},
  journal   = {Molecular Cell},
  title     = {Protein language models-assisted optimization of a uracil-N-glycosylase variant enables programmable T-to-G and T-to-C base editing},
  year      = {2024},
  number    = {7},
  pages     = {1257--1270},
  volume    = {84},
  publisher = {Elsevier},
}

@Article{yi2024programmable,
  author    = {Yi, Zongyi and Zhang, Xiaoxue and Wei, Xiaoxu and Li, Jiayi and Ren, Jiwu and Zhang, Xue and Zhang, Yike and Tang, Huixian and Chang, Xiwen and Yu, Ying and others},
  journal   = {Nature Communications},
  title     = {Programmable DNA pyrimidine base editing via engineered uracil-DNA glycosylase},
  year      = {2024},
  number    = {1},
  pages     = {6397},
  volume    = {15},
  publisher = {Nature Publishing Group UK London},
}

@Article{tong2023ggbe,
  author    = {Tong, Huawei and Liu, Nana and Wei, Yinghui and Zhou, Yingsi and Li, Yun and Wu, Danni and Jin, Ming and Cui, Shuna and Li, Hengbin and Li, Guoling and others},
  journal   = {National Science Review},
  title     = {Programmable deaminase-free base editors for G-to-Y conversion by engineered glycosylase},
  year      = {2023},
  number    = {8},
  pages     = {nwad143},
  volume    = {10},
  publisher = {Oxford University Press},
}

@Article{anzalone2019search,
  author    = {Anzalone, Andrew V and Randolph, Peyton B and Davis, Jessie R and Sousa, Alexander A and Koblan, Luke W and Levy, Jonathan M and Chen, Peter J and Wilson, Christopher and Newby, Gregory A and Raguram, Aditya and others},
  journal   = {Nature},
  title     = {Search-and-replace genome editing without double-strand breaks or donor DNA},
  year      = {2019},
  number    = {7785},
  pages     = {149--157},
  volume    = {576},
  publisher = {Nature Publishing Group},
}

@Article{yan2024improving,
  author    = {Yan, Jun and Oyler-Castrillo, Paul and Ravisankar, Purnima and Ward, Carl C and Levesque, S{\'e}bastien and Jing, Yangwode and Simpson, Danny and Zhao, Anqi and Li, Hui and Yan, Weihao and others},
  journal   = {Nature},
  title     = {Improving prime editing with an endogenous small RNA-binding protein},
  year      = {2024},
  number    = {8008},
  pages     = {639--647},
  volume    = {628},
  publisher = {Nature Publishing Group UK London},
}

@Article{doman2023phage,
  author    = {Doman, Jordan L and Pandey, Smriti and Neugebauer, Monica E and An, Meirui and Davis, Jessie R and Randolph, Peyton B and McElroy, Amber and Gao, Xin D and Raguram, Aditya and Richter, Michelle F and others},
  journal   = {Cell},
  title     = {Phage-assisted evolution and protein engineering yield compact, efficient prime editors},
  year      = {2023},
  number    = {18},
  pages     = {3983--4002},
  volume    = {186},
  publisher = {Elsevier},
}

@Article{chen2021enhanced,
  author    = {Chen, Peter J and Hussmann, Jeffrey A and Yan, Jun and Knipping, Friederike and Ravisankar, Purnima and Chen, Pin-Fang and Chen, Cidi and Nelson, James W and Newby, Gregory A and Sahin, Mustafa and others},
  journal   = {Cell},
  title     = {Enhanced prime editing systems by manipulating cellular determinants of editing outcomes},
  year      = {2021},
  number    = {22},
  pages     = {5635--5652},
  volume    = {184},
  publisher = {Elsevier},
}

@Article{abudayyeh2016c2c2,
  author    = {Abudayyeh, Omar O and Gootenberg, Jonathan S and Konermann, Silvana and Joung, Julia and Slaymaker, Ian M and Cox, David BT and Shmakov, Sergey and Makarova, Kira S and Semenova, Ekaterina and Minakhin, Leonid and others},
  journal   = {Science},
  title     = {C2c2 is a single-component programmable RNA-guided RNA-targeting CRISPR effector},
  year      = {2016},
  number    = {6299},
  pages     = {aaf5573},
  volume    = {353},
  publisher = {American Association for the Advancement of Science},
}

@Article{gootenberg2017nucleic,
  author    = {Gootenberg, Jonathan S and Abudayyeh, Omar O and Lee, Jeong Wook and Essletzbichler, Patrick and Dy, Aaron J and Joung, Julia and Verdine, Vanessa and Donghia, Nina and Daringer, Nichole M and Freije, Catherine A and others},
  journal   = {Science},
  title     = {Nucleic acid detection with CRISPR-Cas13a/C2c2},
  year      = {2017},
  number    = {6336},
  pages     = {438--442},
  volume    = {356},
  publisher = {American Association for the Advancement of Science},
}

@Article{cox2017rna,
  author    = {Cox, David BT and Gootenberg, Jonathan S and Abudayyeh, Omar O and Franklin, Brian and Kellner, Max J and Joung, Julia and Zhang, Feng},
  journal   = {Science},
  title     = {RNA editing with CRISPR-Cas13},
  year      = {2017},
  number    = {6366},
  pages     = {1019--1027},
  volume    = {358},
  publisher = {American Association for the Advancement of Science},
}

@Article{abudayyeh2017rna,
  author    = {Abudayyeh, Omar O and Gootenberg, Jonathan S and Essletzbichler, Patrick and Han, Shuo and Joung, Julia and Belanto, Joseph J and Verdine, Vanessa and Cox, David BT and Kellner, Max J and Regev, Aviv and others},
  journal   = {Nature},
  title     = {RNA targeting with CRISPR--Cas13},
  year      = {2017},
  number    = {7675},
  pages     = {280--284},
  volume    = {550},
  publisher = {Nature Publishing Group UK London},
}

@Article{east2016two,
  author    = {East-Seletsky, Alexandra and O’Connell, Mitchell R and Knight, Spencer C and Burstein, David and Cate, Jamie HD and Tjian, Robert and Doudna, Jennifer A},
  journal   = {Nature},
  title     = {Two distinct RNase activities of CRISPR-C2c2 enable guide-RNA processing and RNA detection},
  year      = {2016},
  number    = {7624},
  pages     = {270--273},
  volume    = {538},
  publisher = {Nature Publishing Group UK London},
}

@Article{abudayyeh2019cytosine,
  author    = {Abudayyeh, Omar O and Gootenberg, Jonathan S and Franklin, Brian and Koob, Jeremy and Kellner, Max J and Ladha, Alim and Joung, Julia and Kirchgatterer, Paul and Cox, David BT and Zhang, Feng},
  journal   = {Science},
  title     = {A cytosine deaminase for programmable single-base RNA editing},
  year      = {2019},
  number    = {6451},
  pages     = {382--386},
  volume    = {365},
  publisher = {American Association for the Advancement of Science},
}

@Article{koblan2018improving,
  author    = {Koblan, Luke W and Doman, Jordan L and Wilson, Christopher and Levy, Jonathan M and Tay, Tristan and Newby, Gregory A and Maianti, Juan Pablo and Raguram, Aditya and Liu, David R},
  journal   = {Nature Biotechnology},
  title     = {Improving cytidine and adenine base editors by expression optimization and ancestral reconstruction},
  year      = {2018},
  number    = {9},
  pages     = {843--846},
  volume    = {36},
  publisher = {Nature Publishing Group US New York},
}

@Article{wang2019adeno,
  author    = {Wang, Dan and Tai, Phillip WL and Gao, Guangping},
  journal   = {Nature Reviews Drug Discovery},
  title     = {Adeno-associated virus vector as a platform for gene therapy delivery},
  year      = {2019},
  number    = {5},
  pages     = {358--378},
  volume    = {18},
  publisher = {Nature Publishing Group},
}

@Article{wang2017enhanced,
  author    = {Wang, Lijie and Xue, Wei and Yan, Lei and Li, Xiaosa and Wei, Jia and Chen, Miaomiao and Wu, Jing and Yang, Bei and Yang, Li and Chen, Jia},
  journal   = {Cell Research},
  title     = {Enhanced base editing by co-expression of free uracil DNA glycosylase inhibitor},
  year      = {2017},
  number    = {10},
  pages     = {1289--1292},
  volume    = {27},
  publisher = {Nature Publishing Group},
}

@Article{kleinstiver2016high,
  author    = {Kleinstiver, Benjamin P and Pattanayak, Vikram and Prew, Michelle S and Tsai, Shengdar Q and Nguyen, Nhu T and Zheng, Zongli and Joung, J Keith},
  journal   = {Nature},
  title     = {High-fidelity CRISPR--Cas9 nucleases with no detectable genome-wide off-target effects},
  year      = {2016},
  number    = {7587},
  pages     = {490--495},
  volume    = {529},
  publisher = {Nature Publishing Group UK London},
}

@Article{zhang2020increasing,
  author    = {Zhang, Xiaohui and Chen, Liang and Zhu, Biyun and Wang, Liren and Chen, Caiyu and Hong, Mengjia and Huang, Yifan and Li, Huiying and Han, Honghui and Cai, Bailian and others},
  journal   = {Nature Cell Biology},
  title     = {Increasing the efficiency and targeting range of cytidine base editors through fusion of a single-stranded DNA-binding protein domain},
  year      = {2020},
  number    = {6},
  pages     = {740--750},
  volume    = {22},
  publisher = {Nature Publishing Group UK London},
}

@Article{walton2020unconstrained,
  author    = {Walton, Russell T and Christie, Kathleen A and Whittaker, Madelynn N and Kleinstiver, Benjamin P},
  journal   = {Science},
  title     = {Unconstrained genome targeting with near-PAMless engineered CRISPR-Cas9 variants},
  year      = {2020},
  number    = {6488},
  pages     = {290--296},
  volume    = {368},
  publisher = {American Association for the Advancement of Science},
}

@Article{kim2017increasing,
  author    = {Kim, Y Bill and Komor, Alexis C and Levy, Jonathan M and Packer, Michael S and Zhao, Kevin T and Liu, David R},
  journal   = {Nature Biotechnology},
  title     = {Increasing the genome-targeting scope and precision of base editing with engineered Cas9-cytidine deaminase fusions},
  year      = {2017},
  number    = {4},
  pages     = {371--376},
  volume    = {35},
  publisher = {Nature Publishing Group US New York},
}

@Article{hu2018evolved,
  author    = {Hu, Johnny H and Miller, Shannon M and Geurts, Maarten H and Tang, Weixin and Chen, Liwei and Sun, Ning and Zeina, Christina M and Gao, Xue and Rees, Holly A and Lin, Zhi and others},
  journal   = {Nature},
  title     = {Evolved Cas9 variants with broad PAM compatibility and high DNA specificity},
  year      = {2018},
  number    = {7699},
  pages     = {57--63},
  volume    = {556},
  publisher = {Nature Publishing Group UK London},
}

@Article{edraki2019compact,
  author    = {Edraki, Alireza and Mir, Aamir and Ibraheim, Raed and Gainetdinov, Ildar and Yoon, Yeonsoo and Song, Chun-Qing and Cao, Yueying and Gallant, Judith and Xue, Wen and Rivera-P{\'e}rez, Jaime A and others},
  journal   = {Molecular Cell},
  title     = {A compact, high-accuracy Cas9 with a dinucleotide PAM for in vivo genome editing},
  year      = {2019},
  number    = {4},
  pages     = {714--726},
  volume    = {73},
  publisher = {Elsevier},
}

@Article{tan2019engineering,
  author    = {Tan, Junjie and Zhang, Fei and Karcher, Daniel and Bock, Ralph},
  journal   = {Nature Communications},
  title     = {Engineering of high-precision base editors for site-specific single nucleotide replacement},
  year      = {2019},
  number    = {1},
  pages     = {439},
  volume    = {10},
  publisher = {Nature Publishing Group UK London},
}

@Article{liu2020efficient,
  author    = {Liu, Zhiquan and Chen, Siyu and Shan, Huanhuan and Jia, Yingqi and Chen, Mao and Song, Yuning and Lai, Liangxue and Li, Zhanjun},
  journal   = {Cell death \& disease},
  title     = {Efficient base editing with high precision in rabbits using YFE-BE4max},
  year      = {2020},
  number    = {1},
  pages     = {36},
  volume    = {11},
  publisher = {Nature Publishing Group UK London},
}

@Article{jiang2018plus,
  author    = {Jiang, Wen and Feng, Songjie and Huang, Shisheng and Yu, Wenxia and Li, Guanglei and Yang, Guang and Liu, Yajing and Zhang, Yu and Zhang, Lei and Hou, Yu and others},
  journal   = {Cell Research},
  title     = {BE-PLUS: a new base editing tool with broadened editing window and enhanced fidelity},
  year      = {2018},
  number    = {8},
  pages     = {855--861},
  volume    = {28},
  publisher = {Nature Publishing Group UK London},
}

@Article{wang2018efficient,
  author    = {Wang, Xiao and Li, Jianan and Wang, Ying and Yang, Bei and Wei, Jia and Wu, Jing and Wang, Ruixuan and Huang, Xingxu and Chen, Jia and Yang, Li},
  journal   = {Nature Biotechnology},
  title     = {Efficient base editing in methylated regions with a human APOBEC3A-Cas9 fusion},
  year      = {2018},
  number    = {10},
  pages     = {946--949},
  volume    = {36},
  publisher = {Nature Publishing Group US New York},
}

@Article{zong2018efficient,
  author    = {Zong, Yuan and Song, Qianna and Li, Chao and Jin, Shuai and Zhang, Dingbo and Wang, Yanpeng and Qiu, Jin-Long and Gao, Caixia},
  journal   = {Nature Biotechnology},
  title     = {Efficient C-to-T base editing in plants using a fusion of nCas9 and human APOBEC3A},
  year      = {2018},
  number    = {10},
  pages     = {950--953},
  volume    = {36},
  publisher = {Nature Publishing Group},
}

@Article{villiger2018treatment,
  author    = {Villiger, Lukas and Grisch-Chan, Hiu Man and Lindsay, Helen and Ringnalda, Femke and Pogliano, Chiara B and Allegri, Gabriella and Fingerhut, Ralph and H{\"a}berle, Johannes and Matos, Joao and Robinson, Mark D and others},
  journal   = {Nature medicine},
  title     = {Treatment of a metabolic liver disease by in vivo genome base editing in adult mice},
  year      = {2018},
  number    = {10},
  pages     = {1519--1525},
  volume    = {24},
  publisher = {Nature Publishing Group US New York},
}

@Article{zheng2023generation,
  author    = {Zheng, Xiao and Huang, Chunhui and Lin, Yingqi and Han, Bofeng and Chen, Yizhi and Li, Caijuan and Li, Jiawei and Ding, Yongyan and Song, Xichen and Wang, Wei and others},
  journal   = {Signal Transduction and Targeted Therapy},
  title     = {Generation of inactivated IL2RG and RAG1 monkeys with severe combined immunodeficiency using base editing},
  year      = {2023},
  number    = {1},
  pages     = {327},
  volume    = {8},
  publisher = {Nature Publishing Group UK London},
}

@Article{pacesa2022structural,
  author    = {Pacesa, Martin and Lin, Chun-Han and Cl{\'e}ry, Antoine and Saha, Aakash and Arantes, Pablo R and Bargsten, Katja and Irby, Matthew J and Allain, Fr{\'e}d{\'e}ric H-T and Palermo, Giulia and Cameron, Peter and others},
  journal   = {Cell},
  title     = {Structural basis for Cas9 off-target activity},
  year      = {2022},
  number    = {22},
  pages     = {4067--4081},
  volume    = {185},
  publisher = {Elsevier},
}

@Article{yang2024engineering,
  author    = {Yang, Lei and Huo, Yanan and Wang, Man and Zhang, Dan and Zhang, Tianai and Wu, Hao and Rao, Xichen and Meng, Haowei and Yin, Shuming and Mei, Jiale and others},
  journal   = {Nature Chemical Biology},
  title     = {Engineering APOBEC3A deaminase for highly accurate and efficient base editing},
  year      = {2024},
  number    = {-},
  pages     = {1--12},
  volume    = {-},
  publisher = {Nature Publishing Group US New York},
}

@Article{gehrke2018apobec3a,
  author    = {Gehrke, Jason M and Cervantes, Oliver and Clement, M Kendell and Wu, Yuxuan and Zeng, Jing and Bauer, Daniel E and Pinello, Luca and Joung, J Keith},
  journal   = {Nature Biotechnology},
  title     = {An APOBEC3A-Cas9 base editor with minimized bystander and off-target activities},
  year      = {2018},
  number    = {10},
  pages     = {977--982},
  volume    = {36},
  publisher = {Nature Publishing Group US New York},
}

@Article{liu2020precise,
  author    = {Liu, Zhiquan and Chen, Siyu and Shan, Huanhuan and Jia, Yingqi and Chen, Mao and Song, Yuning and Lai, Liangxue and Li, Zhanjun},
  journal   = {BMC biology},
  title     = {Precise base editing with CC context-specificity using engineered human APOBEC3G-nCas9 fusions},
  year      = {2020},
  pages     = {1--14},
  volume    = {18},
  publisher = {Springer},
}

@Article{lee2020single,
  author    = {Lee, Sangsin and Ding, Ning and Sun, Yidi and Yuan, Tanglong and Li, Jing and Yuan, Qichen and Liu, Lizhong and Yang, Jie and Wang, Qian and Kolomeisky, Anatoly B and others},
  journal   = {Science Advances},
  title     = {Single C-to-T substitution using engineered APOBEC3G-nCas9 base editors with minimum genome-and transcriptome-wide off-target effects},
  year      = {2020},
  number    = {29},
  pages     = {eaba1773},
  volume    = {6},
  publisher = {American Association for the Advancement of Science},
}

@Article{yin2023engineering,
  author    = {Yin, Shuming and Zhang, Mei and Liu, Yang and Sun, Xiaoyue and Guan, Yuting and Chen, Xi and Yang, Lei and Huo, Yanan and Yang, Jing and Zhang, Xiaohui and others},
  journal   = {Molecular Therapy},
  title     = {Engineering of efficiency-enhanced Cas9 and base editors with improved gene therapy efficacies},
  year      = {2023},
  number    = {3},
  pages     = {744--759},
  volume    = {31},
  publisher = {Elsevier},
}

@Article{yu2020cytosine,
  author    = {Yu, Yi and Leete, Thomas C and Born, David A and Young, Lauren and Barrera, Luis A and Lee, Seung-Joo and Rees, Holly A and Ciaramella, Giuseppe and Gaudelli, Nicole M},
  journal   = {Nature Communications},
  title     = {Cytosine base editors with minimized unguided DNA and RNA off-target events and high on-target activity},
  year      = {2020},
  number    = {1},
  pages     = {2052},
  volume    = {11},
  publisher = {Nature Publishing Group UK London},
}

@Article{shoop2023mitochondrial,
  author    = {Shoop, Wendy K and Bacman, Sandra R and Barrera-Paez, Jose Domingo and Moraes, Carlos T},
  journal   = {Nature Reviews Methods Primers},
  title     = {Mitochondrial gene editing},
  year      = {2023},
  number    = {1},
  pages     = {19},
  volume    = {3},
  publisher = {Nature Publishing Group UK London},
}

@Article{lim2024mitochondrial,
  author    = {Lim, Kayeong},
  journal   = {BMB Reports},
  title     = {Mitochondrial genome editing: strategies, challenges, and applications},
  year      = {2024},
  number    = {1},
  pages     = {19},
  volume    = {57},
  publisher = {Korean Society for Biochemistry and Molecular Biology},
}

@Article{mattman2011mitochondrial,
  author  = {Mattman, Andre and Sirrs, Sandra and Mezei, Michelle M and Salvarinova-Zivkovic, Ramona and Alfadhel, Majid and Lillquist, Yolanda},
  journal = {BC Med J},
  title   = {Mitochondrial disease clinical manifestations: an overview},
  year    = {2011},
  number  = {04},
  pages   = {183--187},
  volume  = {53},
}

@Article{taylor2005mitochondrial,
  author    = {Taylor, Robert W and Turnbull, Doug M},
  journal   = {Nature Reviews Genetics},
  title     = {Mitochondrial DNA mutations in human disease},
  year      = {2005},
  number    = {5},
  pages     = {389--402},
  volume    = {6},
  publisher = {Nature Publishing Group UK London},
}

@Article{minczuk2006sequence,
  author    = {Minczuk, Michal and Papworth, Monika A and Kolasinska, Paulina and Murphy, Michael P and Klug, Aaron},
  journal   = {Proceedings of the National Academy of Sciences},
  title     = {Sequence-specific modification of mitochondrial DNA using a chimeric zinc finger methylase},
  year      = {2006},
  number    = {52},
  pages     = {19689--19694},
  volume    = {103},
  publisher = {National Acad Sciences},
}

@Article{minczuk2008development,
  author    = {Minczuk, Michal and Papworth, Monika A and Miller, Jeffrey C and Murphy, Michael P and Klug, Aaron},
  journal   = {Nucleic Acids Research},
  title     = {Development of a single-chain, quasi-dimeric zinc-finger nuclease for the selective degradation of mutated human mitochondrial DNA},
  year      = {2008},
  number    = {12},
  pages     = {3926--3938},
  volume    = {36},
  publisher = {Oxford University Press},
}

@Article{phan2023trends,
  author    = {Phan, Hong Thi Lam and Lee, Hyunji and Kim, Kyoungmi},
  journal   = {Experimental \& Molecular Medicine},
  title     = {Trends and prospects in mitochondrial genome editing},
  year      = {2023},
  number    = {5},
  pages     = {871--878},
  volume    = {55},
  publisher = {Nature Publishing Group UK London},
}

@Article{gammage2014mitochondrially,
  author  = {Gammage, Payam A and Rorbach, Joanna and Vincent, Anna I and Rebar, Edward J and Minczuk, Michal},
  journal = {EMBO Molecular Medicine},
  title   = {Mitochondrially targeted ZFN s for selective degradation of pathogenic mitochondrial genomes bearing large-scale deletions or point mutations},
  year    = {2014},
  number  = {4},
  pages   = {458--466},
  volume  = {6},
}

@Article{bacman2013specific,
  author    = {Bacman, Sandra R and Williams, Si{\^o}n L and Pinto, Milena and Peralta, Susana and Moraes, Carlos T},
  journal   = {Nature Medicine},
  title     = {Specific elimination of mutant mitochondrial genomes in patient-derived cells by mitoTALENs},
  year      = {2013},
  number    = {9},
  pages     = {1111--1113},
  volume    = {19},
  publisher = {Nature Publishing Group US New York},
}

@Article{nissanka2018mitochondrial,
  author    = {Nissanka, Nadee and Bacman, Sandra R and Plastini, Melanie J and Moraes, Carlos T},
  journal   = {Nature Communications},
  title     = {The mitochondrial DNA polymerase gamma degrades linear DNA fragments precluding the formation of deletions},
  year      = {2018},
  number    = {1},
  pages     = {2491},
  volume    = {9},
  publisher = {Nature Publishing Group UK London},
}

@Article{peeva2018linear,
  author    = {Peeva, Viktoriya and Blei, Daniel and Trombly, Genevieve and Corsi, Sarah and Szukszto, Maciej J and Rebelo-Guiomar, Pedro and Gammage, Payam A and Kudin, Alexei P and Becker, Christian and Altm{\"u}ller, Janine and others},
  journal   = {Nature Communications},
  title     = {Linear mitochondrial DNA is rapidly degraded by components of the replication machinery},
  year      = {2018},
  number    = {1},
  pages     = {1727},
  volume    = {9},
  publisher = {Nature Publishing Group UK London},
}

@Article{lee2023precision,
  author    = {Lee, Seonghyun and Lee, Hyunji and Baek, Gayoung and Kim, Jin-Soo},
  journal   = {Nature Biotechnology},
  title     = {Precision mitochondrial DNA editing with high-fidelity DddA-derived base editors},
  year      = {2023},
  number    = {3},
  pages     = {378--386},
  volume    = {41},
  publisher = {Nature Publishing Group US New York},
}

@Article{yi2024strand,
  author    = {Yi, Zongyi and Zhang, Xiaoxue and Tang, Wei and Yu, Ying and Wei, Xiaoxu and Zhang, Xue and Wei, Wensheng},
  journal   = {Nature Biotechnology},
  title     = {Strand-selective base editing of human mitochondrial DNA using mitoBEs},
  year      = {2024},
  number    = {3},
  pages     = {498--509},
  volume    = {42},
  publisher = {Nature Publishing Group US New York},
}

@Article{hu2024strand,
  author    = {Hu, Jiacheng and Sun, Yu and Li, Boshu and Liu, Zhen and Wang, Zhiwei and Gao, Qiang and Guo, Mengyue and Liu, Guanwen and Zhao, Kevin Tianmeng and Gao, Caixia},
  journal   = {Nature Biotechnology},
  title     = {Strand-preferred base editing of organellar and nuclear genomes using CyDENT},
  year      = {2024},
  number    = {6},
  pages     = {936--945},
  volume    = {42},
  publisher = {Nature Publishing Group US New York},
}

@Article{guo2021precision,
  author    = {Guo, Jiayin and Zhang, Xue and Chen, Xiaoxu and Sun, Haifeng and Dai, Yichen and Wang, Jianying and Qian, Xuezhen and Tan, Lei and Lou, Xin and Shen, Bin},
  journal   = {Cell Discovery},
  title     = {Precision modeling of mitochondrial diseases in zebrafish via DdCBE-mediated mtDNA base editing},
  year      = {2021},
  number    = {1},
  pages     = {78},
  volume    = {7},
  publisher = {Springer Singapore Singapore},
}

@Article{qi2021precision,
  author    = {Qi, Xiaolong and Chen, Xiaoxu and Guo, Jiayin and Zhang, Xu and Sun, Haifeng and Wang, Jianying and Qian, Xuezhen and Li, Bo and Tan, Lei and Yu, Lei and others},
  journal   = {Cell Discovery},
  title     = {Precision modeling of mitochondrial disease in rats via DdCBE-mediated mtDNA editing},
  year      = {2021},
  number    = {1},
  pages     = {95},
  volume    = {7},
  publisher = {Springer Singapore Singapore},
}

@Article{mok2022crispr,
  author    = {Mok, Beverly Y and Kotrys, Anna V and Raguram, Aditya and Huang, Tony P and Mootha, Vamsi K and Liu, David R},
  journal   = {Nature Biotechnology},
  title     = {CRISPR-free base editors with enhanced activity and expanded targeting scope in mitochondrial and nuclear DNA},
  year      = {2022},
  number    = {9},
  pages     = {1378--1387},
  volume    = {40},
  publisher = {Nature Publishing Group US New York},
}

@Article{yang2013ultimate,
  author    = {Yang, Junjiao and Yuan, Pengfei and Wen, Dingqiao and Sheng, Ying and Zhu, Shiyou and Yu, Yuezhou and Gao, Xiang and Wei, Wensheng},
  journal   = {PLoS One},
  title     = {ULtiMATE system for rapid assembly of customized TAL effectors},
  year      = {2013},
  number    = {9},
  pages     = {e75649},
  volume    = {8},
  publisher = {Public Library of Science San Francisco, USA},
}

@Article{trapnell2012differential,
  author    = {Trapnell, Cole and Roberts, Adam and Goff, Loyal and Pertea, Geo and Kim, Daehwan and Kelley, David R and Pimentel, Harold and Salzberg, Steven L and Rinn, John L and Pachter, Lior},
  journal   = {Nature Protocols},
  title     = {Differential gene and transcript expression analysis of RNA-seq experiments with TopHat and Cufflinks},
  year      = {2012},
  number    = {3},
  pages     = {562--578},
  volume    = {7},
  publisher = {Nature Publishing Group},
}

@Article{lu2020transposase,
  author    = {Lu, Bo and Dong, Liting and Yi, Danyang and Zhang, Meiling and Zhu, Chenxu and Li, Xiaoyu and Yi, Chengqi},
  journal   = {eLife},
  title     = {Transposase-assisted tagmentation of RNA/DNA hybrid duplexes},
  year      = {2020},
  pages     = {e54919},
  volume    = {9},
  publisher = {eLife Sciences Publications, Ltd},
}

@Article{buenrostro2015atac,
  author    = {Buenrostro, Jason D and Wu, Beijing and Chang, Howard Y and Greenleaf, William J},
  journal   = {Current protocols in molecular biology},
  title     = {ATAC-seq: a method for assaying chromatin accessibility genome-wide},
  year      = {2015},
  number    = {1},
  pages     = {21--29},
  volume    = {109},
  publisher = {Wiley Online Library},
}

@Article{rao20143d,
  author    = {Rao, Suhas SP and Huntley, Miriam H and Durand, Neva C and Stamenova, Elena K and Bochkov, Ivan D and Robinson, James T and Sanborn, Adrian L and Machol, Ido and Omer, Arina D and Lander, Eric S and others},
  journal   = {Cell},
  title     = {A 3D map of the human genome at kilobase resolution reveals principles of chromatin looping},
  year      = {2014},
  number    = {7},
  pages     = {1665--1680},
  volume    = {159},
  publisher = {Elsevier},
}

@Article{zhang2021rapid,
  author    = {Zhang, Yun and Park, Chanhee and Bennett, Christopher and Thornton, Micah and Kim, Daehwan},
  journal   = {Genome Research},
  title     = {Rapid and accurate alignment of nucleotide conversion sequencing reads with HISAT-3N},
  year      = {2021},
  number    = {7},
  pages     = {1290--1295},
  volume    = {31},
  publisher = {Cold Spring Harbor Lab},
}

@Article{krueger2011bismark,
  author    = {Krueger, Felix and Andrews, Simon R},
  journal   = {Bioinformatics},
  title     = {Bismark: a flexible aligner and methylation caller for Bisulfite-Seq applications},
  year      = {2011},
  number    = {11},
  pages     = {1571--1572},
  volume    = {27},
  publisher = {Oxford University Press},
}

@Article{li2013aligning,
  author  = {Li, Heng},
  journal = {arXiv},
  title   = {Aligning sequence reads, clone sequences and assembly contigs with BWA-MEM},
  year    = {2013},
  number  = {3997},
  pages   = {-},
  volume  = {1303},
}

@Article{langmead2012fast,
  author    = {Langmead, Ben and Salzberg, Steven L},
  journal   = {Nature Methods},
  title     = {Fast gapped-read alignment with Bowtie 2},
  year      = {2012},
  number    = {4},
  pages     = {357--359},
  volume    = {9},
  publisher = {Nature Publishing Group US New York},
}

@Article{kim2019graph,
  author    = {Kim, Daehwan and Paggi, Joseph M and Park, Chanhee and Bennett, Christopher and Salzberg, Steven L},
  journal   = {Nature Biotechnology},
  title     = {Graph-based genome alignment and genotyping with HISAT2 and HISAT-genotype},
  year      = {2019},
  number    = {8},
  pages     = {907--915},
  volume    = {37},
  publisher = {Nature Publishing Group US New York},
}

@Article{koster2012snakemake,
  author    = {K{\"o}ster, Johannes and Rahmann, Sven},
  journal   = {Bioinformatics},
  title     = {Snakemake—a scalable bioinformatics workflow engine},
  year      = {2012},
  number    = {19},
  pages     = {2520--2522},
  volume    = {28},
  publisher = {Oxford University Press},
}

@Article{ewels2016multiqc,
  author    = {Ewels, Philip and Magnusson, M{\aa}ns and Lundin, Sverker and K{\"a}ller, Max},
  journal   = {Bioinformatics},
  title     = {MultiQC: summarize analysis results for multiple tools and samples in a single report},
  year      = {2016},
  number    = {19},
  pages     = {3047--3048},
  volume    = {32},
  publisher = {Oxford University Press},
}

@Article{martin2011cutadapt,
  author  = {Martin, Marcel},
  journal = {EMBnet. Journal},
  title   = {Cutadapt removes adapter sequences from high-throughput sequencing reads},
  year    = {2011},
  number  = {1},
  pages   = {10--12},
  volume  = {17},
}

@Article{chen2023ultrafast,
  author    = {Chen, Shifu},
  journal   = {iMeta},
  title     = {Ultrafast one-pass FASTQ data preprocessing, quality control, and deduplication using fastp},
  year      = {2023},
  number    = {2},
  pages     = {e107},
  volume    = {2},
  publisher = {Wiley Online Library},
}

@Article{wingett2018fastq,
  author    = {Wingett, Steven W and Andrews, Simon},
  journal   = {F1000Research},
  title     = {FastQ Screen: A tool for multi-genome mapping and quality control},
  year      = {2018},
  volume    = {7},
  publisher = {Faculty of 1000 Ltd},
}

@Article{li2009sequence,
  author    = {Li, Heng and Handsaker, Bob and Wysoker, Alec and Fennell, Tim and Ruan, Jue and Homer, Nils and Marth, Gabor and Abecasis, Goncalo and Durbin, Richard and 1000 Genome Project Data Processing Subgroup},
  journal   = {Bioinformatics},
  title     = {The sequence alignment/map format and SAMtools},
  year      = {2009},
  number    = {16},
  pages     = {2078--2079},
  volume    = {25},
  publisher = {Oxford University Press},
}

@Article{yu2012clusterprofiler,
  author    = {Yu, Guangchuang and Wang, Li-Gen and Han, Yanyan and He, Qing-Yu},
  journal   = {Omics: a Journal of Integrative Biology},
  title     = {clusterProfiler: an R package for comparing biological themes among gene clusters},
  year      = {2012},
  number    = {5},
  pages     = {284--287},
  volume    = {16},
  publisher = {Mary Ann Liebert, Inc. 140 Huguenot Street, 3rd Floor New Rochelle, NY 10801 USA},
}

@Article{van2021hi,
  author    = {van der Weide, Robin H and van den Brand, Teun and Haarhuis, Judith HI and Teunissen, Hans and Rowland, Benjamin D and de Wit, Elzo},
  journal   = {NAR Genomics and Bioinformatics},
  title     = {Hi-C analyses with GENOVA: a case study with cohesin variants},
  year      = {2021},
  number    = {2},
  pages     = {lqab040},
  volume    = {3},
  publisher = {Oxford University Press},
}

@Article{quinlan2010bedtools,
  author    = {Quinlan, Aaron R and Hall, Ira M},
  journal   = {Bioinformatics},
  title     = {BEDTools: a flexible suite of utilities for comparing genomic features},
  year      = {2010},
  number    = {6},
  pages     = {841--842},
  volume    = {26},
  publisher = {Oxford University Press},
}

@Article{koboldt2012varscan,
  author    = {Koboldt, Daniel C and Zhang, Qunyuan and Larson, David E and Shen, Dong and McLellan, Michael D and Lin, Ling and Miller, Christopher A and Mardis, Elaine R and Ding, Li and Wilson, Richard K},
  journal   = {Genome Research},
  title     = {VarScan 2: somatic mutation and copy number alteration discovery in cancer by exome sequencing},
  year      = {2012},
  number    = {3},
  pages     = {568--576},
  volume    = {22},
  publisher = {Cold Spring Harbor Lab},
}

@Article{mckenna2010genome,
  author    = {McKenna, Aaron and Hanna, Matthew and Banks, Eric and Sivachenko, Andrey and Cibulskis, Kristian and Kernytsky, Andrew and Garimella, Kiran and Altshuler, David and Gabriel, Stacey and Daly, Mark and others},
  journal   = {Genome Research},
  title     = {The Genome Analysis Toolkit: a MapReduce framework for analyzing next-generation DNA sequencing data},
  year      = {2010},
  number    = {9},
  pages     = {1297--1303},
  volume    = {20},
  publisher = {Cold Spring Harbor Lab},
}

@Article{zhang2008model,
  author    = {Zhang, Yong and Liu, Tao and Meyer, Clifford A and Eeckhoute, J{\'e}r{\^o}me and Johnson, David S and Bernstein, Bradley E and Nusbaum, Chad and Myers, Richard M and Brown, Myles and Li, Wei and others},
  journal   = {Genome Biology},
  title     = {Model-based analysis of ChIP-Seq (MACS)},
  year      = {2008},
  pages     = {1--9},
  volume    = {9},
  publisher = {Springer},
}

@Article{dobin2013star,
  author    = {Dobin, Alexander and Davis, Carrie A and Schlesinger, Felix and Drenkow, Jorg and Zaleski, Chris and Jha, Sonali and Batut, Philippe and Chaisson, Mark and Gingeras, Thomas R},
  journal   = {Bioinformatics},
  title     = {STAR: ultrafast universal RNA-seq aligner},
  year      = {2013},
  number    = {1},
  pages     = {15--21},
  volume    = {29},
  publisher = {Oxford University Press},
}

@Article{faust2014samblaster,
  author    = {Faust, Gregory G and Hall, Ira M},
  journal   = {Bioinformatics},
  title     = {SAMBLASTER: fast duplicate marking and structural variant read extraction},
  year      = {2014},
  number    = {17},
  pages     = {2503--2505},
  volume    = {30},
  publisher = {Oxford University Press},
}

@Article{neely2019nuclei,
  author    = {Neely, Amy E and Bao, Xiaomin},
  journal   = {Current Protocols in Cell Biology},
  title     = {Nuclei Isolation Staining (NIS) Method for Imaging Chromatin-Associated Proteins in Difficult Cell Types},
  year      = {2019},
  number    = {1},
  pages     = {e94},
  volume    = {84},
  publisher = {Wiley Online Library},
}

@Article{wang2019cobatch,
  author    = {Wang, Qianhao and Xiong, Haiqing and Ai, Shanshan and Yu, Xianhong and Liu, Yaxi and Zhang, Jiejie and He, Aibin},
  journal   = {Molecular Cell},
  title     = {CoBATCH for high-throughput single-cell epigenomic profiling},
  year      = {2019},
  number    = {1},
  pages     = {206--216},
  volume    = {76},
  publisher = {Elsevier},
}

@Article{merkenschlager2016ctcf,
  author    = {Merkenschlager, Matthias and Nora, Elph{\`e}ge P},
  journal   = {Annual Review of Genomics and Human Genetics},
  title     = {CTCF and cohesin in genome folding and transcriptional gene regulation},
  year      = {2016},
  number    = {1},
  pages     = {17--43},
  volume    = {17},
  publisher = {Annual Reviews},
}

@Article{rowley2018organizational,
  author    = {Rowley, M Jordan and Corces, Victor G},
  journal   = {Nature Reviews Genetics},
  title     = {Organizational principles of 3D genome architecture},
  year      = {2018},
  number    = {12},
  pages     = {789--800},
  volume    = {19},
  publisher = {Nature Publishing Group UK London},
}

@Article{stankovic2022genetic,
  author    = {Stankovic, Stasa and Shekari, Saleh and Huang, Qin Qin and Gardner, Eugene J and Owens, Nick DL and Azad, Ajuna and Hawkes, Gareth and Kentistou, Katherine A and Beaumont, Robin N and Day, Felix R and others},
  journal   = {medRxiv},
  title     = {Genetic susceptibility to earlier ovarian ageing increases de novo mutation rate in offspring},
  year      = {2022},
  pages     = {2022--06},
  publisher = {Cold Spring Harbor Laboratory Press},
}

@Article{maier2015functional,
  author    = {Maier, Verena K and Feeney, Caitlin M and Taylor, Jordan E and Creech, Amanda L and Qiao, Jana W and Szanto, Attila and Das, Partha P and Chevrier, Nicholas and Cifuentes-Rojas, Catherine and Orkin, Stuart H and others},
  journal   = {Molecular \& Cellular Proteomics},
  title     = {Functional Proteomic Analysis of Repressive Histone Methyltransferase Complexes Reveals ZNF518B as a G9A Regulator*[S]},
  year      = {2015},
  number    = {6},
  pages     = {1435--1446},
  volume    = {14},
  publisher = {ASBMB},
}

@Article{zheng2022zinc,
  author    = {Zheng, Hu and Wu, Liuyang and Fan, Jingxin and Yuan, Huisheng},
  journal   = {Neuroscience Research},
  title     = {Zinc finger protein 501 maintains glioblastoma cell growth through enhancing Frizzled-6 expression},
  year      = {2022},
  pages     = {15--24},
  volume    = {182},
  publisher = {Elsevier},
}

@Article{li2021transcriptome,
  author    = {Li, Xiaoyan and Su, Xi and Liu, Jiewei and Li, Huijuan and Li, Ming and 23andMe Research Team and Li, Wenqiang and Luo, Xiong-Jian},
  journal   = {Translational Psychiatry},
  title     = {Transcriptome-wide association study identifies new susceptibility genes and pathways for depression},
  year      = {2021},
  number    = {1},
  pages     = {306},
  volume    = {11},
  publisher = {Nature Publishing Group UK London},
}

@Article{yin2022rna,
  author    = {Yin, Chongjuan and Ji, Yansu and Ma, Ning and Chen, Kai and Zhang, Wencheng and Bai, Dan and Jia, Xiaojun and Xia, Shihai and Yin, Huaiqing},
  journal   = {Neuroscience},
  title     = {RNA-seq analysis reveals potential molecular mechanisms of ZNF580/ZFP580 promoting neuronal survival and inhibiting apoptosis after hypoxic-ischemic brain damage},
  year      = {2022},
  pages     = {52--65},
  volume    = {483},
  publisher = {Elsevier},
}

@Article{zhang2022role,
  author    = {Zhang, Zhongbai and Qin, Xueting and Liu, Jiyuan and Li, Yanchun and Chen, Huaxin and Xie, Hongwei and Chen, Jingxun and Li, Chuang and Tong, Yang and Yang, Min and others},
  journal   = {Experimental and Therapeutic Medicine},
  title     = {Role and mechanism of the zinc finger protein ZNF580 in foam-cell formation},
  year      = {2022},
  number    = {3},
  pages     = {1--11},
  volume    = {24},
  publisher = {Spandidos Publications},
}

@Article{lieberman2009comprehensive,
  author    = {Lieberman-Aiden, Erez and Van Berkum, Nynke L and Williams, Louise and Imakaev, Maxim and Ragoczy, Tobias and Telling, Agnes and Amit, Ido and Lajoie, Bryan R and Sabo, Peter J and Dorschner, Michael O and others},
  journal   = {Science},
  title     = {Comprehensive mapping of long-range interactions reveals folding principles of the human genome},
  year      = {2009},
  number    = {5950},
  pages     = {289--293},
  volume    = {326},
  publisher = {American Association for the Advancement of Science},
}

@Article{fortin2015reconstructing,
  author    = {Fortin, Jean-Philippe and Hansen, Kasper D},
  journal   = {Genome Biology},
  title     = {Reconstructing A/B compartments as revealed by Hi-C using long-range correlations in epigenetic data},
  year      = {2015},
  pages     = {1--23},
  volume    = {16},
  publisher = {Springer},
}

@Article{gong2018stratification,
  author    = {Gong, Yixiao and Lazaris, Charalampos and Sakellaropoulos, Theodore and Lozano, Aurelie and Kambadur, Prabhanjan and Ntziachristos, Panagiotis and Aifantis, Iannis and Tsirigos, Aristotelis},
  journal   = {Nature Communications},
  title     = {Stratification of TAD boundaries reveals preferential insulation of super-enhancers by strong boundaries},
  year      = {2018},
  number    = {1},
  pages     = {542},
  volume    = {9},
  publisher = {Nature Publishing Group UK London},
}

@Article{dixon2012topological,
  author    = {Dixon, Jesse R and Selvaraj, Siddarth and Yue, Feng and Kim, Audrey and Li, Yan and Shen, Yin and Hu, Ming and Liu, Jun S and Ren, Bing},
  journal   = {Nature},
  title     = {Topological domains in mammalian genomes identified by analysis of chromatin interactions},
  year      = {2012},
  number    = {7398},
  pages     = {376--380},
  volume    = {485},
  publisher = {Nature Publishing Group UK London},
}

@Article{valton2016tad,
  author    = {Valton, Anne-Laure and Dekker, Job},
  journal   = {Current Opinion in Genetics \& Development},
  title     = {TAD disruption as oncogenic driver},
  year      = {2016},
  pages     = {34--40},
  volume    = {36},
  publisher = {Elsevier},
}

@Comment{jabref-meta: databaseType:bibtex;}
